Posted Account, Posted Transactions Date, Description1, Description2, Description3, Debit Amount, Credit Amount,Balance,Posted Currency,Transaction Type,Local Currency Amount,Local Currency
"937223 - 24790085","03/01/2018","600078","","","800.00",,"309.89",EUR,"Cheque"," 800.00",EUR
"937223 - 24790085","05/01/2018","*ATMLDG TUAM RD  A","05-01-18 15:53","",,"2,500.00","2809.89",EUR,"Credit"," 2,500.00",EUR
"937223 - 24790085","05/01/2018","KQ LN","","",,"500.00","3309.89",EUR,"Credit"," 500.00",EUR
"937223 - 24790085","05/01/2018","*INET CONNEELY M","","","450.00",,"2859.89",EUR,"Debit"," 450.00",EUR
"937223 - 24790085","05/01/2018","600076","","","2,000.00",,"859.89",EUR,"Cheque"," 2,000.00",EUR
"937223 - 24790085","05/01/2018","600077","","","2,000.00",,"-1140.11",EUR,"Cheque"," 2,000.00",EUR
"937223 - 24790085","08/01/2018","UNPAY CHQ.  600077","","",,"2,000.00","859.89",EUR,"Credit"," 2,000.00",EUR
"937223 - 24790085","10/01/2018","VDP-VEHICLE MANAGE","*0773","","61.50",,"798.39",EUR,"Debit"," 61.50",EUR
"937223 - 24790085","11/01/2018","*INET STOP CHEQUE","","","2.00",,"796.39",EUR,"Debit"," 2.00",EUR
"937223 - 24790085","12/01/2018","DOC LN","","",,"1,000.00","1796.39",EUR,"Credit"," 1,000.00",EUR
"937223 - 24790085","12/01/2018","KQ LN","","",,"250.00","2046.39",EUR,"Credit"," 250.00",EUR
"937223 - 24790085","12/01/2018","KQ LN","","",,"1,450.00","3496.39",EUR,"Credit"," 1,450.00",EUR
"937223 - 24790085","12/01/2018","VDP-THREE IRELAND","*0773","","301.23",,"3195.16",EUR,"Debit"," 301.23",EUR
"937223 - 24790085","12/01/2018","*INET CONNEELYM","","","450.00",,"2745.16",EUR,"Debit"," 450.00",EUR
"937223 - 24790085","12/01/2018","*INET OCONNORB","","","500.00",,"2245.16",EUR,"Debit"," 500.00",EUR
"937223 - 24790085","12/01/2018","600056","","","3,405.00",,"-1159.84",EUR,"Cheque"," 3,405.00",EUR
"937223 - 24790085","12/01/2018","600080","","","2,000.00",,"-3159.84",EUR,"Cheque"," 2,000.00",EUR
"937223 - 24790085","15/01/2018","UNPAY CHQ.  600056","","",,"3,405.00","245.16",EUR,"Credit"," 3,405.00",EUR
"937223 - 24790085","15/01/2018","FEE-UNPAID CHEQUE","","","10.00",,"235.16",EUR,"Debit"," 10.00",EUR
"937223 - 24790085","15/01/2018","D/D Securecom","GTSSDDM180100YLN","","34.05",,"201.11",EUR,"Direct Debit"," 34.05",EUR
"937223 - 24790085","16/01/2018","*ATMLDG TUAM RD  B","FOCUS V","",,"3,072.50","3273.61",EUR,"Credit"," 3,072.50",EUR
"937223 - 24790085","16/01/2018","D/D GC re Sage Ire","GTSSDDM1801226YY","","127.92",,"3145.69",EUR,"Direct Debit"," 127.92",EUR
"937223 - 24790085","17/01/2018","VDP-CARTELL.IE","*0773","","61.50",,"3084.19",EUR,"Debit"," 61.50",EUR
"937223 - 24790085","17/01/2018","600056","","","3,405.00",,"-320.81",EUR,"Cheque"," 3,405.00",EUR
"937223 - 24790085","18/01/2018","UNPAY CHQ.  600056","","",,"3,405.00","3084.19",EUR,"Credit"," 3,405.00",EUR
"937223 - 24790085","18/01/2018","FEE-UNPAID CHEQUE","","","10.00",,"3074.19",EUR,"Debit"," 10.00",EUR
"937223 - 24790085","19/01/2018","*INET BOC","","","500.00",,"2574.19",EUR,"Debit"," 500.00",EUR
"937223 - 24790085","19/01/2018","*INET CONNEELYM","","","374.59",,"2199.60",EUR,"Debit"," 374.59",EUR
"937223 - 24790085","23/01/2018","*ATMLDG TUAM RD  B","23-01-18 10:00","",,"4,000.00","6199.60",EUR,"Credit"," 4,000.00",EUR
"937223 - 24790085","24/01/2018","*ATMLDG TUAM RD  A","TRANIT141","",,"9,840.00","16039.60",EUR,"Credit"," 9,840.00",EUR
"937223 - 24790085","24/01/2018","ATM TUAM RD","24JAN18 TIME 12:17","*0773","300.00",,"15739.60",EUR,"ATM"," 300.00",EUR
"937223 - 24790085","25/01/2018","VDP-TOPAZ KILCOLGA","*0773","","72.90",,"15666.70",EUR,"Debit"," 72.90",EUR
"937223 - 24790085","25/01/2018","SP18012509053300","*INET FG64 XAU","","9,344.34",,"6322.36",EUR,"Debit"," 9,344.34",EUR
"937223 - 24790085","25/01/2018","STAMP DUTY 0773","","","0.48",,"6321.88",EUR,"Debit"," 0.48",EUR
"937223 - 24790085","26/01/2018","SP18012509053300","","",,"9,022.22","15344.10",EUR,"Credit"," 9,022.22",EUR
"937223 - 24790085","26/01/2018","*INET CONNEELY M","","","450.00",,"14894.10",EUR,"Debit"," 450.00",EUR
"937223 - 24790085","26/01/2018","*INET OCONNORB","","","500.00",,"14394.10",EUR,"Debit"," 500.00",EUR
"937223 - 24790085","26/01/2018","SP18012610472400","*INET FG64 XAU","","9,300.01",,"5094.09",EUR,"Debit"," 9,300.01",EUR
"937223 - 24790085","29/01/2018","VDP-CENTRA","*0773","","102.28",,"4991.81",EUR,"Debit"," 102.28",EUR
"937223 - 24790085","30/01/2018","600081","","","2,900.00",,"2091.81",EUR,"Cheque"," 2,900.00",EUR
"937223 - 24790085","02/02/2018","*INET CONNEELYM","","","450.00",,"1641.81",EUR,"Debit"," 450.00",EUR
"937223 - 24790085","02/02/2018","*INET OCONNORB","","","500.00",,"1141.81",EUR,"Debit"," 500.00",EUR
"937223 - 24790085","06/02/2018","VDP-CENTRA","*0773","","70.00",,"1071.81",EUR,"Debit"," 70.00",EUR
"937223 - 24790085","07/02/2018","VDP-THREE IRELAND","*0773","","505.66",,"566.15",EUR,"Debit"," 505.66",EUR
"937223 - 24790085","09/02/2018","SPLASH","","",,"3,150.00","3716.15",EUR,"Credit"," 3,150.00",EUR
"937223 - 24790085","09/02/2018","*INET CONNEELYM","","","374.59",,"3341.56",EUR,"Debit"," 374.59",EUR
"937223 - 24790085","12/02/2018","VDP-CARTELL.IE","*0773","","123.00",,"3218.56",EUR,"Debit"," 123.00",EUR
"937223 - 24790085","12/02/2018","*INET OCONNORB","","","500.00",,"2718.56",EUR,"Debit"," 500.00",EUR
"937223 - 24790085","12/02/2018","*INET OCONNORD","","","750.00",,"1968.56",EUR,"Debit"," 750.00",EUR
"937223 - 24790085","13/02/2018","*ATMLDG EYRE SQ  A","TC","",,"6,200.00","8168.56",EUR,"Credit"," 6,200.00",EUR
"937223 - 24790085","14/02/2018","VDP-APPLUS CAR TES","*0773","","200.00",,"7968.56",EUR,"Debit"," 200.00",EUR
"937223 - 24790085","14/02/2018","*INET DOCONNOR MTR","IE18021483074415","","4,785.78",,"3182.78",EUR,"Debit"," 4,785.78",EUR
"937223 - 24790085","14/02/2018","AIB PAYMENT FEE","IE18021483074415","","22.50",,"3160.28",EUR,"Debit"," 22.50",EUR
"937223 - 24790085","15/02/2018","D/D Securecom","GTSSDDM1804310Q5","","34.05",,"3126.23",EUR,"Direct Debit"," 34.05",EUR
"937223 - 24790085","16/02/2018","VDP-GALWAY TRUCK A","*0773","","111.16",,"3015.07",EUR,"Debit"," 111.16",EUR
"937223 - 24790085","16/02/2018","*INET CONNEELYM","","","450.00",,"2565.07",EUR,"Debit"," 450.00",EUR
"937223 - 24790085","16/02/2018","*INET OCONNORB","","","500.00",,"2065.07",EUR,"Debit"," 500.00",EUR
"937223 - 24790085","16/02/2018","600082","","","700.00",,"1365.07",EUR,"Cheque"," 700.00",EUR
"937223 - 24790085","16/02/2018","D/D GC re Sage Ire","GTSSDDM180451LZ7","","127.92",,"1237.15",EUR,"Direct Debit"," 127.92",EUR
"937223 - 24790085","19/02/2018","LN KQ","","",,"2,000.00","3237.15",EUR,"Credit"," 2,000.00",EUR
"937223 - 24790085","19/02/2018","VDP-CENTRA","*0773","","10.01",,"3227.14",EUR,"Debit"," 10.01",EUR
"937223 - 24790085","19/02/2018","VDP-CENTRA","*0773","","78.50",,"3148.64",EUR,"Debit"," 78.50",EUR
"937223 - 24790085","19/02/2018","VDP-GALWAY TRUCK A","*0773","","43.58",,"3105.06",EUR,"Debit"," 43.58",EUR
"937223 - 24790085","19/02/2018","600086","","","1,500.00",,"1605.06",EUR,"Cheque"," 1,500.00",EUR
"937223 - 24790085","22/02/2018","*ATMLDG TUAM RD  B","22-02-18 15:18","",,"2,500.00","4105.06",EUR,"Credit"," 2,500.00",EUR
"937223 - 24790085","22/02/2018","VDP-MUSGRAVE (GWY)","*0773","","79.25",,"4025.81",EUR,"Debit"," 79.25",EUR
"937223 - 24790085","23/02/2018","VDP-THREE IRELAND","*0773","",,"243.45","4269.26",EUR,"Credit"," 243.45",EUR
"937223 - 24790085","23/02/2018","VDP-APPLEGREEN BAL","*0773","","95.57",,"4173.69",EUR,"Debit"," 95.57",EUR
"937223 - 24790085","23/02/2018","*INET CONNEELY M","","","374.59",,"3799.10",EUR,"Debit"," 374.59",EUR
"937223 - 24790085","23/02/2018","*INET OCONNORB","","","500.00",,"3299.10",EUR,"Debit"," 500.00",EUR
"937223 - 24790085","23/02/2018","*INET OCONNORD","","","750.00",,"2549.10",EUR,"Debit"," 750.00",EUR
"937223 - 24790085","26/02/2018","600084","","","123.00",,"2426.10",EUR,"Cheque"," 123.00",EUR
"937223 - 24790085","26/02/2018","600085","","","109.00",,"2317.10",EUR,"Cheque"," 109.00",EUR
"937223 - 24790085","27/02/2018","LN","","",,"5,000.00","7317.10",EUR,"Credit"," 5,000.00",EUR
"937223 - 24790085","27/02/2018","600087","","","1,300.00",,"6017.10",EUR,"Cheque"," 1,300.00",EUR
"937223 - 24790085","28/02/2018","*ATMLDG TUAM RD  B","GOLF","",,"3,000.00","9017.10",EUR,"Credit"," 3,000.00",EUR
"937223 - 24790085","01/03/2018","*INET OCONNORB","","","500.00",,"8517.10",EUR,"Debit"," 500.00",EUR
"937223 - 24790085","02/03/2018","VDP-APPLEGREEN GAL","*0773","","52.56",,"8464.54",EUR,"Debit"," 52.56",EUR
"937223 - 24790085","02/03/2018","*INET CONNEELYM","","","374.59",,"8089.95",EUR,"Debit"," 374.59",EUR
"937223 - 24790085","06/03/2018","VDP-CARTELL.IE","*0773","","307.50",,"7782.45",EUR,"Debit"," 307.50",EUR
"937223 - 24790085","06/03/2018","VDP-THREE IRELAND","*0773","","262.86",,"7519.59",EUR,"Debit"," 262.86",EUR
"937223 - 24790085","06/03/2018","600088","","","908.00",,"6611.59",EUR,"Cheque"," 908.00",EUR
"937223 - 24790085","06/03/2018","600089","","","4,500.00",,"2111.59",EUR,"Cheque"," 4,500.00",EUR
"937223 - 24790085","07/03/2018","LODGMENT    038058","","",,"12,423.00","14534.59",EUR,"Credit"," 12,423.00",EUR
"937223 - 24790085","07/03/2018","CAR","IE18030789486555","",,"5,000.00","19534.59",EUR,"Credit"," 5,000.00",EUR
"937223 - 24790085","07/03/2018","VDP-CEDARGLADE LIM","*0773","","31.55",,"19503.04",EUR,"Debit"," 31.55",EUR
"937223 - 24790085","09/03/2018","VDP-CENTRA","*0773","","99.11",,"19403.93",EUR,"Debit"," 99.11",EUR
"937223 - 24790085","09/03/2018","VDP-HURST HEATING","*0773","","800.00",,"18603.93",EUR,"Debit"," 800.00",EUR
"937223 - 24790085","09/03/2018","*INET CONNEELYM","","","374.59",,"18229.34",EUR,"Debit"," 374.59",EUR
"937223 - 24790085","09/03/2018","*INET OCONNORB","","","500.00",,"17729.34",EUR,"Debit"," 500.00",EUR
"937223 - 24790085","09/03/2018","*INET OCONNORD","","","1,000.00",,"16729.34",EUR,"Debit"," 1,000.00",EUR
"937223 - 24790085","12/03/2018","VDP-APPLUS CAR TES","*0773","","1,148.00",,"15581.34",EUR,"Debit"," 1,148.00",EUR
"937223 - 24790085","12/03/2018","VDP-APPLUS CAR TES","*0773","","1,419.00",,"14162.34",EUR,"Debit"," 1,419.00",EUR
"937223 - 24790085","12/03/2018","VDP-HURST HEATING","*0773","","295.00",,"13867.34",EUR,"Debit"," 295.00",EUR
"937223 - 24790085","12/03/2018","VDP-MARKET STREET","*0773","","5.40",,"13861.94",EUR,"Debit"," 5.40",EUR
"937223 - 24790085","12/03/2018","VDP-TOPAZ KILCOLGA","*0773","","31.10",,"13830.84",EUR,"Debit"," 31.10",EUR
"937223 - 24790085","12/03/2018","SP18031211340001","*INET AAAMBER MTRS","","6,864.01",,"6966.83",EUR,"Debit"," 6,864.01",EUR
"937223 - 24790085","12/03/2018","600091","","","1,500.00",,"5466.83",EUR,"Cheque"," 1,500.00",EUR
"937223 - 24790085","13/03/2018","600090","","","1,452.80",,"4014.03",EUR,"Cheque"," 1,452.80",EUR
"937223 - 24790085","14/03/2018","*ATMLDG TUAM RD  A","LOAN","",,"3,000.00","7014.03",EUR,"Credit"," 3,000.00",EUR
"937223 - 24790085","14/03/2018","VDP-SHUTT HOLD","*0773","","95.91",,"6918.12",EUR,"Debit"," 95.91",EUR
"937223 - 24790085","14/03/2018","SP18031411440400","*INET AAAMBER MTRS","","3,451.46",,"3466.66",EUR,"Debit"," 3,451.46",EUR
"937223 - 24790085","15/03/2018","600092","","","338.00",,"3128.66",EUR,"Cheque"," 338.00",EUR
"937223 - 24790085","15/03/2018","D/D ELECTRIC IRELA","GTSSDDP180652HZN","","835.89",,"2292.77",EUR,"Direct Debit"," 835.89",EUR
"937223 - 24790085","15/03/2018","D/D Securecom","GTSSDDM1807104D8","","34.05",,"2258.72",EUR,"Direct Debit"," 34.05",EUR
"937223 - 24790085","16/03/2018","KQ LN","","",,"500.00","2758.72",EUR,"Credit"," 500.00",EUR
"937223 - 24790085","16/03/2018","VDP-BYM ENTERPRISE","*0773","","110.00",,"2648.72",EUR,"Debit"," 110.00",EUR
"937223 - 24790085","16/03/2018","VDP-EURO CAR PARTS","*0773","","103.40",,"2545.32",EUR,"Debit"," 103.40",EUR
"937223 - 24790085","16/03/2018","*INET AAAMBER MTRS","","","500.00",,"2045.32",EUR,"Debit"," 500.00",EUR
"937223 - 24790085","16/03/2018","*INET CONNEELYM","","","450.00",,"1595.32",EUR,"Debit"," 450.00",EUR
"937223 - 24790085","16/03/2018","SP18031609010302","*INET AAAMBER MTRS","","1,171.27",,"424.05",EUR,"Debit"," 1,171.27",EUR
"937223 - 24790085","16/03/2018","D/D GC re Sage Ire","GTSSDDM180731LGO","","127.92",,"296.13",EUR,"Direct Debit"," 127.92",EUR
"937223 - 24790085","20/03/2018","KQ LN","","",,"500.00","796.13",EUR,"Credit"," 500.00",EUR
"937223 - 24790085","20/03/2018","VDP-MUSGRAVE (GWY)","*0773","","191.22",,"604.91",EUR,"Debit"," 191.22",EUR
"937223 - 24790085","21/03/2018","*ATMLDG TUAM RD  B","I30","",,"5,450.00","6054.91",EUR,"Credit"," 5,450.00",EUR
"937223 - 24790085","21/03/2018","VDP-APPLUS CAR TES","*0773","","450.00",,"5604.91",EUR,"Debit"," 450.00",EUR
"937223 - 24790085","22/03/2018","*INET JA MORRIS EN","","","2,460.00",,"3144.91",EUR,"Debit"," 2,460.00",EUR
"937223 - 24790085","22/03/2018","D/D ELECTRIC IRELA","GTSSDDP180741XG7","","240.00",,"2904.91",EUR,"Direct Debit"," 240.00",EUR
"937223 - 24790085","23/03/2018","*INET CONNEELYM","","","374.59",,"2530.32",EUR,"Debit"," 374.59",EUR
"937223 - 24790085","23/03/2018","*INET OCONNORB","","","500.00",,"2030.32",EUR,"Debit"," 500.00",EUR
"937223 - 24790085","26/03/2018","*INET OCONNORD","","","500.00",,"1530.32",EUR,"Debit"," 500.00",EUR
"937223 - 24790085","28/03/2018","VDP-EURO CAR PARTS","*0773","","104.55",,"1425.77",EUR,"Debit"," 104.55",EUR
"937223 - 24790085","28/03/2018","FEE-QTR TO 23FEB18","937223-24790085","","34.22",,"1391.55",EUR,"Debit"," 34.22",EUR
"937223 - 24790085","29/03/2018","GOVSTMPDTY24790085","14@ 0.50 EACH","","7.00",,"1384.55",EUR,"Direct Debit"," 7.00",EUR
"937223 - 24790085","03/04/2018","VDP-SHARKEYS SPAR","*0773","","111.50",,"1273.05",EUR,"Debit"," 111.50",EUR
"937223 - 24790085","03/04/2018","*INET CONNEELYM","","","450.00",,"823.05",EUR,"Debit"," 450.00",EUR
"937223 - 24790085","03/04/2018","*INET OCONNORB","","","500.00",,"323.05",EUR,"Debit"," 500.00",EUR
"937223 - 24790085","04/04/2018","*ATMLDG TUAM RD  A","Card ending: 0773","",,"2,500.00","2823.05",EUR,"Credit"," 2,500.00",EUR
"937223 - 24790085","04/04/2018","600093","","","1,600.00",,"1223.05",EUR,"Cheque"," 1,600.00",EUR
"937223 - 24790085","06/04/2018","KQ LN","","",,"500.00","1723.05",EUR,"Credit"," 500.00",EUR
"937223 - 24790085","06/04/2018","LODGMENT","","",,"10,000.00","11723.05",EUR,"Credit"," 10,000.00",EUR
"937223 - 24790085","06/04/2018","VDP-CORRS CORNER H","*0773","208.50GBP@0.871473","243.43",,"11479.62",EUR,"Debit"," 243.43",EUR
"937223 - 24790085","06/04/2018","VDP-PHOENIX","*0773","100.19GBP@0.871444","116.98",,"11362.64",EUR,"Debit"," 116.98",EUR
"937223 - 24790085","06/04/2018","VDP-TOP BOUCHER RO","*0773","53.39GBP@0.871531","62.33",,"11300.31",EUR,"Debit"," 62.33",EUR
"937223 - 24790085","06/04/2018","*INET CONNEELYM","","","374.59",,"10925.72",EUR,"Debit"," 374.59",EUR
"937223 - 24790085","06/04/2018","*INET OCONNORB","","","500.00",,"10425.72",EUR,"Debit"," 500.00",EUR
"937223 - 24790085","06/04/2018","SP18040612015100","*INET AAAMBER MTRS","","10,172.13",,"253.59",EUR,"Debit"," 10,172.13",EUR
"937223 - 24790085","09/04/2018","KQ","","",,"2,000.00","2253.59",EUR,"Credit"," 2,000.00",EUR
"937223 - 24790085","10/04/2018","VDP-TOPAZ KILCOLGA","*0773","","110.42",,"2143.17",EUR,"Debit"," 110.42",EUR
"937223 - 24790085","11/04/2018","LODGMENT","","",,"8,000.00","10143.17",EUR,"Credit"," 8,000.00",EUR
"937223 - 24790085","11/04/2018","VDP-GALWAY TRUCK A","*0773","","529.82",,"9613.35",EUR,"Debit"," 529.82",EUR
"937223 - 24790085","11/04/2018","VDP-THREE IRELAND","*0773","","500.50",,"9112.85",EUR,"Debit"," 500.50",EUR
"937223 - 24790085","11/04/2018","SP18041112073700","*TBLT RR DEP","","8,459.60",,"653.25",EUR,"Debit"," 8,459.60",EUR
"937223 - 24790085","12/04/2018","*ATMLDG TUAM RD  B","Card ending: 0773","",,"2,950.00","3603.25",EUR,"Credit"," 2,950.00",EUR
"937223 - 24790085","12/04/2018","600095","","","1,250.00",,"2353.25",EUR,"Cheque"," 1,250.00",EUR
"937223 - 24790085","13/04/2018","*ATMLDG TUAM RD  A","DMPR","",,"9,000.00","11353.25",EUR,"Credit"," 9,000.00",EUR
"937223 - 24790085","13/04/2018","*INET CONNEELYM","","","374.59",,"10978.66",EUR,"Debit"," 374.59",EUR
"937223 - 24790085","13/04/2018","*INET OCONNORB","","","500.00",,"10478.66",EUR,"Debit"," 500.00",EUR
"937223 - 24790085","16/04/2018","VDP-CARTELL.IE","*0773","","123.00",,"10355.66",EUR,"Debit"," 123.00",EUR
"937223 - 24790085","16/04/2018","VDP-EURO CAR PARTS","*0773","","12.30",,"10343.36",EUR,"Debit"," 12.30",EUR
"937223 - 24790085","16/04/2018","D/D GC re Sage Ire","GTSSDDM181024592","","127.92",,"10215.44",EUR,"Direct Debit"," 127.92",EUR
"937223 - 24790085","16/04/2018","D/D Securecom","GTSSDDM1810106QL","","34.05",,"10181.39",EUR,"Direct Debit"," 34.05",EUR
"937223 - 24790085","17/04/2018","KQ LN","","",,"2,000.00","12181.39",EUR,"Credit"," 2,000.00",EUR
"937223 - 24790085","17/04/2018","VDP-MUSGRAVE (GWY)","*0773","","193.48",,"11987.91",EUR,"Debit"," 193.48",EUR
"937223 - 24790085","17/04/2018","VDP-SWEENEY OIL","*0773","","710.06",,"11277.85",EUR,"Debit"," 710.06",EUR
"937223 - 24790085","18/04/2018","VDP-APPLUS CAR TES","*0773","","1,682.00",,"9595.85",EUR,"Debit"," 1,682.00",EUR
"937223 - 24790085","18/04/2018","*TBLT RR","IE18041802394475","","8,210.18",,"1385.67",EUR,"Debit"," 8,210.18",EUR
"937223 - 24790085","18/04/2018","AIB PAYMENT FEE","IE18041802394475","","22.50",,"1363.17",EUR,"Debit"," 22.50",EUR
"937223 - 24790085","19/04/2018","VDP-CENTRA","*0773","","77.50",,"1285.67",EUR,"Debit"," 77.50",EUR
"937223 - 24790085","19/04/2018","VDP-EURO CAR PARTS","*0773","","19.77",,"1265.90",EUR,"Debit"," 19.77",EUR
"937223 - 24790085","19/04/2018","600096","","","1,250.00",,"15.90",EUR,"Cheque"," 1,250.00",EUR
"937223 - 24790085","20/04/2018","LODGMENT    338962","","",,"4,000.00","4015.90",EUR,"Credit"," 4,000.00",EUR
"937223 - 24790085","20/04/2018","VDP-EFLOW BARRIER","*0773","","6.10",,"4009.80",EUR,"Debit"," 6.10",EUR
"937223 - 24790085","20/04/2018","VDP-EFLOW BARRIER","*0773","","6.10",,"4003.70",EUR,"Debit"," 6.10",EUR
"937223 - 24790085","23/04/2018","*ATMLDG ORANMORE B","Card ending: 0773","",,"5,000.00","9003.70",EUR,"Credit"," 5,000.00",EUR
"937223 - 24790085","23/04/2018","VDP-APPLUS CAR TES","*0773","","3,120.00",,"5883.70",EUR,"Debit"," 3,120.00",EUR
"937223 - 24790085","23/04/2018","VDP-GALWAY MOTOR T","*0773","","333.00",,"5550.70",EUR,"Debit"," 333.00",EUR
"937223 - 24790085","23/04/2018","*TBLT MONDEO","IE18042304005882","","4,866.74",,"683.96",EUR,"Debit"," 4,866.74",EUR
"937223 - 24790085","23/04/2018","AIB PAYMENT FEE","IE18042304005882","","22.50",,"661.46",EUR,"Debit"," 22.50",EUR
"937223 - 24790085","24/04/2018","*ATMLDG TUAM RD  A","24-04-18 14:10","",,"4,000.00","4661.46",EUR,"Credit"," 4,000.00",EUR
"937223 - 24790085","24/04/2018","*ATMLDG TUAM RD  B","24-04-18 13:02","",,"3,500.00","8161.46",EUR,"Credit"," 3,500.00",EUR
"937223 - 24790085","24/04/2018","VDP-CIRCLE K KILCO","*0773","","52.99",,"8108.47",EUR,"Debit"," 52.99",EUR
"937223 - 24790085","25/04/2018","*ATMLDG TUAM RD  A","DH  WESTLINK","",,"6,364.00","14472.47",EUR,"Credit"," 6,364.00",EUR
"937223 - 24790085","25/04/2018","VDP-APPLUS CAR TES","*0773","","1,106.00",,"13366.47",EUR,"Debit"," 1,106.00",EUR
"937223 - 24790085","25/04/2018","VDP-GALWAY MOTOR T","*0773","","399.00",,"12967.47",EUR,"Debit"," 399.00",EUR
"937223 - 24790085","25/04/2018","*INET CONNEELYM","","","374.59",,"12592.88",EUR,"Debit"," 374.59",EUR
"937223 - 24790085","25/04/2018","*INET OCONNORB","","","500.00",,"12092.88",EUR,"Debit"," 500.00",EUR
"937223 - 24790085","25/04/2018","*TBLT FEE","","","200.00",,"11892.88",EUR,"Debit"," 200.00",EUR
"937223 - 24790085","25/04/2018","*TBLT X5 DEP","IE18042504514661","","5,797.77",,"6095.11",EUR,"Debit"," 5,797.77",EUR
"937223 - 24790085","25/04/2018","AIB PAYMENT FEE","IE18042504514661","","22.50",,"6072.61",EUR,"Debit"," 22.50",EUR
"937223 - 24790085","26/04/2018","VDP-EURO CAR PARTS","*0773","","153.31",,"5919.30",EUR,"Debit"," 153.31",EUR
"937223 - 24790085","27/04/2018","*ATMLDG TUAM RD  A","X512","",,"17,000.00","22919.30",EUR,"Credit"," 17,000.00",EUR
"937223 - 24790085","27/04/2018","VDP-CORRS CORNER H","*0773","85.30GBP@0.868016","99.98",,"22819.32",EUR,"Debit"," 99.98",EUR
"937223 - 24790085","27/04/2018","VDP-EUROLINK MOTOR","*0773","","2.90",,"22816.42",EUR,"Debit"," 2.90",EUR
"937223 - 24790085","27/04/2018","VDP-NORTH WEST CAR","*0773","","250.00",,"22566.42",EUR,"Debit"," 250.00",EUR
"937223 - 24790085","27/04/2018","VDP-TOP BOUCHER RO","*0773","35.00GBP@0.868055","41.02",,"22525.40",EUR,"Debit"," 41.02",EUR
"937223 - 24790085","27/04/2018","*INET CONNEELYM","","","374.59",,"22150.81",EUR,"Debit"," 374.59",EUR
"937223 - 24790085","27/04/2018","*INET OCONNORB","","","500.00",,"21650.81",EUR,"Debit"," 500.00",EUR
"937223 - 24790085","27/04/2018","*TBLT X512","IE18042705890298","","11,086.47",,"10564.34",EUR,"Debit"," 11,086.47",EUR
"937223 - 24790085","27/04/2018","AIB PAYMENT FEE","IE18042705890298","","22.50",,"10541.84",EUR,"Debit"," 22.50",EUR
"937223 - 24790085","30/04/2018","VDP-GALWAY MOTOR T","*0773","","333.00",,"10208.84",EUR,"Debit"," 333.00",EUR
"937223 - 24790085","30/04/2018","600097","","","1,000.00",,"9208.84",EUR,"Cheque"," 1,000.00",EUR
"937223 - 24790085","30/04/2018","D/D Barna Recyclin","GTSSDDM1811536BX","","5.68",,"9203.16",EUR,"Direct Debit"," 5.68",EUR
"937223 - 24790085","01/05/2018","VDP-APPLEGREEN GAL","*0773","","70.00",,"9133.16",EUR,"Debit"," 70.00",EUR
"937223 - 24790085","01/05/2018","VDP-SIRIO TUAM ROA","*0773","","26.74",,"9106.42",EUR,"Debit"," 26.74",EUR
"937223 - 24790085","01/05/2018","*INET KQ LN REPY","","","2,000.00",,"7106.42",EUR,"Debit"," 2,000.00",EUR
"937223 - 24790085","02/05/2018","*ATMLDG ORANMORE A","172","",,"19,500.00","26606.42",EUR,"Credit"," 19,500.00",EUR
"937223 - 24790085","02/05/2018","VDP-CARTELL.IE","*0773","","123.00",,"26483.42",EUR,"Debit"," 123.00",EUR
"937223 - 24790085","02/05/2018","VDP-KEVIN BURKE TY","*0773","","240.00",,"26243.42",EUR,"Debit"," 240.00",EUR
"937223 - 24790085","04/05/2018","VDP-APPLUS CAR TES","*0773","","1,253.00",,"24990.42",EUR,"Debit"," 1,253.00",EUR
"937223 - 24790085","04/05/2018","VDP-CENTRA","*0773","","50.00",,"24940.42",EUR,"Debit"," 50.00",EUR
"937223 - 24790085","04/05/2018","VDP-EURO CAR PARTS","*0773","","16.42",,"24924.00",EUR,"Debit"," 16.42",EUR
"937223 - 24790085","04/05/2018","*INET CONNEELYM","","","374.59",,"24549.41",EUR,"Debit"," 374.59",EUR
"937223 - 24790085","04/05/2018","*INET OCONNORB","","","500.00",,"24049.41",EUR,"Debit"," 500.00",EUR
"937223 - 24790085","04/05/2018","*TBLT EXP DOC","","","1,000.00",,"23049.41",EUR,"Debit"," 1,000.00",EUR
"937223 - 24790085","08/05/2018","*ATMLDG ORANMORE B","RL","",,"10,000.00","33049.41",EUR,"Credit"," 10,000.00",EUR
"937223 - 24790085","08/05/2018","REVVAT1106437778J0","IE18050708602569","",,"1,281.28","34330.69",EUR,"Credit"," 1,281.28",EUR
"937223 - 24790085","08/05/2018","VDA-TOPAZ KILCOLGA","KILCOLGAN    *0773","05MAY18 16:23","250.00",,"34080.69",EUR,"ATM"," 250.00",EUR
"937223 - 24790085","08/05/2018","VDP-AUTOSPORTS AND","*0773","500.00GBP@0.881492","577.14",,"33503.55",EUR,"Debit"," 577.14",EUR
"937223 - 24790085","08/05/2018","VDP-WWW.JDSPORTS.I","*0773","","175.00",,"33328.55",EUR,"Debit"," 175.00",EUR
"937223 - 24790085","08/05/2018","*TBLT EVOQ","IE18050808963315","","14,430.85",,"18897.70",EUR,"Debit"," 14,430.85",EUR
"937223 - 24790085","08/05/2018","AIB PAYMENT FEE","IE18050808963315","","22.50",,"18875.20",EUR,"Debit"," 22.50",EUR
"937223 - 24790085","08/05/2018","600098","","","764.71",,"18110.49",EUR,"Cheque"," 764.71",EUR
"937223 - 24790085","08/05/2018","VDC-CIRCLE K KILCO","*0773","","21.17",,"18089.32",EUR,"Debit"," 21.17",EUR
"937223 - 24790085","09/05/2018","*TBLT PEU BOX","IE18050909290067","","10,425.11",,"7664.21",EUR,"Debit"," 10,425.11",EUR
"937223 - 24790085","09/05/2018","AIB PAYMENT FEE","IE18050909290067","","22.50",,"7641.71",EUR,"Debit"," 22.50",EUR
"937223 - 24790085","09/05/2018","600100","","","500.00",,"7141.71",EUR,"Cheque"," 500.00",EUR
"937223 - 24790085","10/05/2018","*ATMLDG TUAM RD  A","DH WESTLINK","",,"2,500.00","9641.71",EUR,"Credit"," 2,500.00",EUR
"937223 - 24790085","10/05/2018","VDP-EURO CAR PARTS","*0773","","59.00",,"9582.71",EUR,"Debit"," 59.00",EUR
"937223 - 24790085","10/05/2018","VDP-EURO CAR PARTS","*0773","","82.22",,"9500.49",EUR,"Debit"," 82.22",EUR
"937223 - 24790085","10/05/2018","VDP-GALWAY TRUCK A","*0773","","640.98",,"8859.51",EUR,"Debit"," 640.98",EUR
"937223 - 24790085","10/05/2018","*TBLT 07 RR PT1","IE18051009745865","","4,871.82",,"3987.69",EUR,"Debit"," 4,871.82",EUR
"937223 - 24790085","10/05/2018","AIB PAYMENT FEE","IE18051009745865","","22.50",,"3965.19",EUR,"Debit"," 22.50",EUR
"937223 - 24790085","10/05/2018","600103","","","2,000.00",,"1965.19",EUR,"Cheque"," 2,000.00",EUR
"937223 - 24790085","11/05/2018","DOC","","",,"3,000.00","4965.19",EUR,"Credit"," 3,000.00",EUR
"937223 - 24790085","11/05/2018","VDP-APPLEGREEN GAL","*0773","","21.05",,"4944.14",EUR,"Debit"," 21.05",EUR
"937223 - 24790085","11/05/2018","*INET CONNEELYM","","","374.59",,"4569.55",EUR,"Debit"," 374.59",EUR
"937223 - 24790085","11/05/2018","*INET OCONNORB","","","500.00",,"4069.55",EUR,"Debit"," 500.00",EUR
"937223 - 24790085","11/05/2018","600099","","","500.00",,"3569.55",EUR,"Cheque"," 500.00",EUR
"937223 - 24790085","14/05/2018","VDP-APPLUS CAR TES","*0773","","1,079.00",,"2490.55",EUR,"Debit"," 1,079.00",EUR
"937223 - 24790085","14/05/2018","VDP-CEDARGLADE LIM","*0773","","43.40",,"2447.15",EUR,"Debit"," 43.40",EUR
"937223 - 24790085","14/05/2018","VDP-CENTRA HEADFOR","*0773","","50.00",,"2397.15",EUR,"Debit"," 50.00",EUR
"937223 - 24790085","14/05/2018","VDP-EURO CAR PARTS","*0773","","16.40",,"2380.75",EUR,"Debit"," 16.40",EUR
"937223 - 24790085","14/05/2018","VDP-K.D. AUTOPARTS","*0773","","440.00",,"1940.75",EUR,"Debit"," 440.00",EUR
"937223 - 24790085","14/05/2018","600102","","","1,500.00",,"440.75",EUR,"Cheque"," 1,500.00",EUR
"937223 - 24790085","15/05/2018","*TBLT CURRENT-088","","",,"2,000.00","2440.75",EUR,"Credit"," 2,000.00",EUR
"937223 - 24790085","15/05/2018","VDP-CIRCLE K KILCO","*0773","","20.02",,"2420.73",EUR,"Debit"," 20.02",EUR
"937223 - 24790085","15/05/2018","VDP-GALWAY MOTOR T","*0773","","333.00",,"2087.73",EUR,"Debit"," 333.00",EUR
"937223 - 24790085","15/05/2018","D/D Securecom","GTSSDDM181301RHG","","34.05",,"2053.68",EUR,"Direct Debit"," 34.05",EUR
"937223 - 24790085","16/05/2018","D/D GC re Sage Ire","GTSSDDM181341NC7","","127.92",,"1925.76",EUR,"Direct Debit"," 127.92",EUR
"937223 - 24790085","17/05/2018","VDP-APPLEGREEN MSA","*0773","","112.25",,"1813.51",EUR,"Debit"," 112.25",EUR
"937223 - 24790085","17/05/2018","VDP-NEXT RETAIL LT","*0773","74.00GBP@0.873156","86.23",,"1727.28",EUR,"Debit"," 86.23",EUR
"937223 - 24790085","18/05/2018","*ATMLDG NEWCAS RDB","DH WESTLINK","",,"1,800.00","3527.28",EUR,"Credit"," 1,800.00",EUR
"937223 - 24790085","18/05/2018","*INET CONNEELYM","","","374.59",,"3152.69",EUR,"Debit"," 374.59",EUR
"937223 - 24790085","18/05/2018","*INET OCONNORB","","","500.00",,"2652.69",EUR,"Debit"," 500.00",EUR
"937223 - 24790085","21/05/2018","*ATMLDG ORANMORE A","RR","",,"24,150.00","26802.69",EUR,"Credit"," 24,150.00",EUR
"937223 - 24790085","21/05/2018","VDP-CARTELL.IE","*0773","","123.00",,"26679.69",EUR,"Debit"," 123.00",EUR
"937223 - 24790085","21/05/2018","VDP-SIRIO TUAM ROA","*0773","","28.29",,"26651.40",EUR,"Debit"," 28.29",EUR
"937223 - 24790085","21/05/2018","VDP-SPAR CORRIB OI","*0773","","111.81",,"26539.59",EUR,"Debit"," 111.81",EUR
"937223 - 24790085","21/05/2018","*TBLT AAA","IE18052113013510","","7,190.07",,"19349.52",EUR,"Debit"," 7,190.07",EUR
"937223 - 24790085","21/05/2018","*TBLT FEES","","","1,000.00",,"18349.52",EUR,"Debit"," 1,000.00",EUR
"937223 - 24790085","21/05/2018","AIB PAYMENT FEE","IE18052113013510","","22.50",,"18327.02",EUR,"Debit"," 22.50",EUR
"937223 - 24790085","21/05/2018","600104","","","2,600.00",,"15727.02",EUR,"Cheque"," 2,600.00",EUR
"937223 - 24790085","22/05/2018","VDP-THREE IRELAND","*0773","","292.99",,"15434.03",EUR,"Debit"," 292.99",EUR
"937223 - 24790085","23/05/2018","VDP-APPLEGREEN MSA","*0773","","72.01",,"15362.02",EUR,"Debit"," 72.01",EUR
"937223 - 24790085","23/05/2018","VDP-EURO CAR PARTS","*0773","","10.85",,"15351.17",EUR,"Debit"," 10.85",EUR
"937223 - 24790085","23/05/2018","VDP-EUROLINK MOTOR","*0773","","2.90",,"15348.27",EUR,"Debit"," 2.90",EUR
"937223 - 24790085","23/05/2018","*INET BOC (CAR)","","","2,400.00",,"12948.27",EUR,"Debit"," 2,400.00",EUR
"937223 - 24790085","24/05/2018","VDP-SWEENEY OIL","*0773","","642.76",,"12305.51",EUR,"Debit"," 642.76",EUR
"937223 - 24790085","24/05/2018","600105","","","357.00",,"11948.51",EUR,"Cheque"," 357.00",EUR
"937223 - 24790085","24/05/2018","600106","","","2,500.00",,"9448.51",EUR,"Cheque"," 2,500.00",EUR
"937223 - 24790085","25/05/2018","*ATMLDG TUAM RD  B","DH WESTLINK","",,"5,500.00","14948.51",EUR,"Credit"," 5,500.00",EUR
"937223 - 24790085","25/05/2018","VDP-EFLOW.IE","*0773","","12.20",,"14936.31",EUR,"Debit"," 12.20",EUR
"937223 - 24790085","25/05/2018","VDP-EURO CAR PARTS","*0773","","78.40",,"14857.91",EUR,"Debit"," 78.40",EUR
"937223 - 24790085","25/05/2018","*INET CONNEELYM","","","374.59",,"14483.32",EUR,"Debit"," 374.59",EUR
"937223 - 24790085","25/05/2018","*INET DOC MTRS","IE18052514660801","","6,658.18",,"7825.14",EUR,"Debit"," 6,658.18",EUR
"937223 - 24790085","25/05/2018","*INET OCONNORB","","","500.00",,"7325.14",EUR,"Debit"," 500.00",EUR
"937223 - 24790085","25/05/2018","AIB PAYMENT FEE","IE18052514660801","","22.50",,"7302.64",EUR,"Debit"," 22.50",EUR
"937223 - 24790085","28/05/2018","VDP-APPLUS CAR TES","*0773","","200.00",,"7102.64",EUR,"Debit"," 200.00",EUR
"937223 - 24790085","28/05/2018","VDP-APPLUS CAR TES","*0773","","485.00",,"6617.64",EUR,"Debit"," 485.00",EUR
"937223 - 24790085","28/05/2018","VDP-GALWAY MOTOR T","*0773","","333.00",,"6284.64",EUR,"Debit"," 333.00",EUR
"937223 - 24790085","28/05/2018","VDP-NORTH WEST CAR","*0773","","100.00",,"6184.64",EUR,"Debit"," 100.00",EUR
"937223 - 24790085","28/05/2018","VDP-TOP PART","*0773","","40.00",,"6144.64",EUR,"Debit"," 40.00",EUR
"937223 - 24790085","29/05/2018","*ATMLDG TUAM RD  A","I 40","",,"10,000.00","16144.64",EUR,"Credit"," 10,000.00",EUR
"937223 - 24790085","29/05/2018","600110","","","380.00",,"15764.64",EUR,"Cheque"," 380.00",EUR
"937223 - 24790085","30/05/2018","*ATMLDG ORANMORE B","TRAN 14","",,"9,183.00","24947.64",EUR,"Credit"," 9,183.00",EUR
"937223 - 24790085","30/05/2018","VDP-JJ FLEMING P&S","*0773","","111.16",,"24836.48",EUR,"Debit"," 111.16",EUR
"937223 - 24790085","30/05/2018","*TBLT 14GOL","IE18053015769827","","8,138.59",,"16697.89",EUR,"Debit"," 8,138.59",EUR
"937223 - 24790085","30/05/2018","AIB PAYMENT FEE","IE18053015769827","","22.50",,"16675.39",EUR,"Debit"," 22.50",EUR
"937223 - 24790085","30/05/2018","600112","","","3,400.00",,"13275.39",EUR,"Cheque"," 3,400.00",EUR
"937223 - 24790085","31/05/2018","VDP-EURO CAR PARTS","*0773","","13.22",,"13262.17",EUR,"Debit"," 13.22",EUR
"937223 - 24790085","31/05/2018","VDP-GALWAY MOTOR T","*0773","","333.00",,"12929.17",EUR,"Debit"," 333.00",EUR
"937223 - 24790085","31/05/2018","VDP-SIRIO TUAM ROA","*0773","","43.29",,"12885.88",EUR,"Debit"," 43.29",EUR
"937223 - 24790085","31/05/2018","600109","","","550.00",,"12335.88",EUR,"Cheque"," 550.00",EUR
"937223 - 24790085","01/06/2018","*INET CONNEELYM","","","450.00",,"11885.88",EUR,"Debit"," 450.00",EUR
"937223 - 24790085","01/06/2018","*INET OCONNORB","","","500.00",,"11385.88",EUR,"Debit"," 500.00",EUR
"937223 - 24790085","01/06/2018","600101","","","200.00",,"11185.88",EUR,"Cheque"," 200.00",EUR
"937223 - 24790085","05/06/2018","COSTUM","","",,"6,000.00","17185.88",EUR,"Credit"," 6,000.00",EUR
"937223 - 24790085","05/06/2018","LODGMENT    990680","","",,"6,500.00","23685.88",EUR,"Credit"," 6,500.00",EUR
"937223 - 24790085","05/06/2018","VDP-SIRIO TUAM ROA","*0773","","31.60",,"23654.28",EUR,"Debit"," 31.60",EUR
"937223 - 24790085","05/06/2018","*INET KQ LN","","","700.00",,"22954.28",EUR,"Debit"," 700.00",EUR
"937223 - 24790085","05/06/2018","600113","","","8,186.87",,"14767.41",EUR,"Cheque"," 8,186.87",EUR
"937223 - 24790085","05/06/2018","600116","","","700.00",,"14067.41",EUR,"Cheque"," 700.00",EUR
"937223 - 24790085","05/06/2018","D/D ELECTRIC IRELA","GTSSDDP1814927KD","","941.94",,"13125.47",EUR,"Direct Debit"," 941.94",EUR
"937223 - 24790085","05/06/2018","D/D Revenue Commis","GTSSDDP181521D6E","","903.00",,"12222.47",EUR,"Direct Debit"," 903.00",EUR
"937223 - 24790085","06/06/2018","VDP-EURO CAR PARTS","*0773","","61.32",,"12161.15",EUR,"Debit"," 61.32",EUR
"937223 - 24790085","06/06/2018","VDP-GALWAY MOTOR T","*0773","","366.00",,"11795.15",EUR,"Debit"," 366.00",EUR
"937223 - 24790085","06/06/2018","*TBLT GL MER","IE18060618248882","","7,823.37",,"3971.78",EUR,"Debit"," 7,823.37",EUR
"937223 - 24790085","06/06/2018","AIB PAYMENT FEE","IE18060618248882","","22.50",,"3949.28",EUR,"Debit"," 22.50",EUR
"937223 - 24790085","07/06/2018","VDP-AMBER PETROLEU","*0773","","100.00",,"3849.28",EUR,"Debit"," 100.00",EUR
"937223 - 24790085","07/06/2018","VDP-THREE IRELAND","*0773","","292.01",,"3557.27",EUR,"Debit"," 292.01",EUR
"937223 - 24790085","08/06/2018","*INET CONNEELYM","","","374.59",,"3182.68",EUR,"Debit"," 374.59",EUR
"937223 - 24790085","08/06/2018","*INET OCONNORB","","","500.00",,"2682.68",EUR,"Debit"," 500.00",EUR
"937223 - 24790085","08/06/2018","600111","","","333.00",,"2349.68",EUR,"Cheque"," 333.00",EUR
"937223 - 24790085","08/06/2018","600117","","","1,589.00",,"760.68",EUR,"Cheque"," 1,589.00",EUR
"937223 - 24790085","11/06/2018","REVCOM0506437778J0","IE18061119555241","",,"1,322.00","2082.68",EUR,"Credit"," 1,322.00",EUR
"937223 - 24790085","13/06/2018","VDP-EFLOW BARRIER","*0773","","6.10",,"2076.58",EUR,"Debit"," 6.10",EUR
"937223 - 24790085","13/06/2018","VDP-SIAMPARK","*0773","","230.00",,"1846.58",EUR,"Debit"," 230.00",EUR
"937223 - 24790085","15/06/2018","VDP-EURO CAR PARTS","*0773","","45.02",,"1801.56",EUR,"Debit"," 45.02",EUR
"937223 - 24790085","15/06/2018","*INET CONNEELYM","","","374.59",,"1426.97",EUR,"Debit"," 374.59",EUR
"937223 - 24790085","15/06/2018","*INET OCONNORB","","","500.00",,"926.97",EUR,"Debit"," 500.00",EUR
"937223 - 24790085","15/06/2018","D/D Securecom","GTSSDDM181630CTI","","34.05",,"892.92",EUR,"Direct Debit"," 34.05",EUR
"937223 - 24790085","18/06/2018","LN","","",,"1,200.00","2092.92",EUR,"Credit"," 1,200.00",EUR
"937223 - 24790085","18/06/2018","LODGMENT    598008","","",,"4,000.00","6092.92",EUR,"Credit"," 4,000.00",EUR
"937223 - 24790085","18/06/2018","600108","","","2,031.00",,"4061.92",EUR,"Cheque"," 2,031.00",EUR
"937223 - 24790085","18/06/2018","D/D GC re Sage Ire","GTSSDDM181651F9E","","127.92",,"3934.00",EUR,"Direct Debit"," 127.92",EUR
"937223 - 24790085","19/06/2018","VDP-APPLUS CAR TES","*0773","","3,014.00",,"920.00",EUR,"Debit"," 3,014.00",EUR
"937223 - 24790085","19/06/2018","VDP-TOP PART","*0773","","20.00",,"900.00",EUR,"Debit"," 20.00",EUR
"937223 - 24790085","20/06/2018","VDP-EURO CAR PARTS","*0773","","50.37",,"849.63",EUR,"Debit"," 50.37",EUR
"937223 - 24790085","20/06/2018","VDP-KEVIN BURKE TY","*0773","","132.00",,"717.63",EUR,"Debit"," 132.00",EUR
"937223 - 24790085","21/06/2018","LODGMENT","","",,"7,000.00","7717.63",EUR,"Credit"," 7,000.00",EUR
"937223 - 24790085","21/06/2018","*INET DOC MTRS","IE18062122941004","","6,345.18",,"1372.45",EUR,"Debit"," 6,345.18",EUR
"937223 - 24790085","21/06/2018","AIB PAYMENT FEE","IE18062122941004","","22.50",,"1349.95",EUR,"Debit"," 22.50",EUR
"937223 - 24790085","22/06/2018","*ATMLDG ORANMORE A","HILUX","",,"7,400.00","8749.95",EUR,"Credit"," 7,400.00",EUR
"937223 - 24790085","22/06/2018","VDP-EURO CAR PARTS","*0773","","5.54",,"8744.41",EUR,"Debit"," 5.54",EUR
"937223 - 24790085","22/06/2018","*INET OCONNORD","","","1,000.00",,"7744.41",EUR,"Debit"," 1,000.00",EUR
"937223 - 24790085","25/06/2018","LODGMENT","","",,"1,600.00","9344.41",EUR,"Credit"," 1,600.00",EUR
"937223 - 24790085","25/06/2018","VDP-JOYCES SUPERMA","*0773","","97.01",,"9247.40",EUR,"Debit"," 97.01",EUR
"937223 - 24790085","25/06/2018","*INET CONNEELY M","","","374.59",,"8872.81",EUR,"Debit"," 374.59",EUR
"937223 - 24790085","25/06/2018","*INET OCONNORB","","","500.00",,"8372.81",EUR,"Debit"," 500.00",EUR
"937223 - 24790085","26/06/2018","LODGMENT","","",,"2,000.00","10372.81",EUR,"Credit"," 2,000.00",EUR
"937223 - 24790085","26/06/2018","VDP-APPLUS CAR TES","*0773","","1,225.00",,"9147.81",EUR,"Debit"," 1,225.00",EUR
"937223 - 24790085","26/06/2018","VDP-CARTELL.IE","*0773","","61.50",,"9086.31",EUR,"Debit"," 61.50",EUR
"937223 - 24790085","26/06/2018","600115","","","256.00",,"8830.31",EUR,"Cheque"," 256.00",EUR
"937223 - 24790085","27/06/2018","VDP-EURO CAR PARTS","*0773","","336.72",,"8493.59",EUR,"Debit"," 336.72",EUR
"937223 - 24790085","27/06/2018","VDP-KEVIN BURKE TY","*0773","","107.75",,"8385.84",EUR,"Debit"," 107.75",EUR
"937223 - 24790085","27/06/2018","600118","","","6,000.00",,"2385.84",EUR,"Cheque"," 6,000.00",EUR
"937223 - 24790085","27/06/2018","600120","","","1,800.00",,"585.84",EUR,"Cheque"," 1,800.00",EUR
"937223 - 24790085","28/06/2018","VDP-EURO CAR PARTS","*0773","",,"98.66","684.50",EUR,"Credit"," 98.66",EUR
"937223 - 24790085","28/06/2018","*ATMLDG ORANMORE A","Card ending: 0773","",,"3,000.00","3684.50",EUR,"Credit"," 3,000.00",EUR
"937223 - 24790085","28/06/2018","VDP-GALWAY MOTOR T","*0773","","190.00",,"3494.50",EUR,"Debit"," 190.00",EUR
"937223 - 24790085","28/06/2018","FEE-QTR TO 25MAY18","937223-24790085","","225.60",,"3268.90",EUR,"Debit"," 225.60",EUR
"937223 - 24790085","28/06/2018","600119","","","190.00",,"3078.90",EUR,"Cheque"," 190.00",EUR
"937223 - 24790085","29/06/2018","VDP-EFLOW BARRIER","*0773","","6.10",,"3072.80",EUR,"Debit"," 6.10",EUR
"937223 - 24790085","29/06/2018","D/D Barna Recyclin","GTSSDDM181770XAD","","5.68",,"3067.12",EUR,"Direct Debit"," 5.68",EUR
"937223 - 24790085","29/06/2018","GOVSTMPDTY24790085","24@ 0.50 EACH","","12.00",,"3055.12",EUR,"Direct Debit"," 12.00",EUR
"937223 - 24790085","02/07/2018","VDP-APPLUS CAR TES","*0773","","1,128.00",,"1927.12",EUR,"Debit"," 1,128.00",EUR
"937223 - 24790085","02/07/2018","*INET CONNEELYM","","","374.59",,"1552.53",EUR,"Debit"," 374.59",EUR
"937223 - 24790085","02/07/2018","*INET OCONNORB","","","500.00",,"1052.53",EUR,"Debit"," 500.00",EUR
"937223 - 24790085","03/07/2018","VDP-GALWAY MOTOR T","*0773","","145.00",,"907.53",EUR,"Debit"," 145.00",EUR
"937223 - 24790085","06/07/2018","KQ LN","","",,"1,000.00","1907.53",EUR,"Credit"," 1,000.00",EUR
"937223 - 24790085","06/07/2018","VDP-CENTRA","*0773","","116.40",,"1791.13",EUR,"Debit"," 116.40",EUR
"937223 - 24790085","06/07/2018","VDP-KEVIN BURKE TY","*0773","","238.00",,"1553.13",EUR,"Debit"," 238.00",EUR
"937223 - 24790085","06/07/2018","*INET CONNEELYM","","","450.00",,"1103.13",EUR,"Debit"," 450.00",EUR
"937223 - 24790085","06/07/2018","*INET OCONNORB","","","500.00",,"603.13",EUR,"Debit"," 500.00",EUR
"937223 - 24790085","09/07/2018","*ATMLDG TUAM RD  A","C30VOL","",,"2,500.00","3103.13",EUR,"Credit"," 2,500.00",EUR
"937223 - 24790085","09/07/2018","*ATMLDG TUAM RD  B","09-07-18 15:12","",,"1,500.00","4603.13",EUR,"Credit"," 1,500.00",EUR
"937223 - 24790085","09/07/2018","VDP-CARTELL.IE","*0773","","61.50",,"4541.63",EUR,"Debit"," 61.50",EUR
"937223 - 24790085","10/07/2018","VDP-APPLUS CAR TES","*0773","","1,282.00",,"3259.63",EUR,"Debit"," 1,282.00",EUR
"937223 - 24790085","10/07/2018","600121","","","2,200.00",,"1059.63",EUR,"Cheque"," 2,200.00",EUR
"937223 - 24790085","10/07/2018","VDC-TOP PART","*0773","","20.00",,"1039.63",EUR,"Debit"," 20.00",EUR
"937223 - 24790085","11/07/2018","VDP-EURO CAR PARTS","*0773","","90.95",,"948.68",EUR,"Debit"," 90.95",EUR
"937223 - 24790085","12/07/2018","VDP-EURO CAR PARTS","*0773","",,"19.97","968.65",EUR,"Credit"," 19.97",EUR
"937223 - 24790085","13/07/2018","*ATMLDG TUAM RD  B","UFZ5039","",,"7,500.00","8468.65",EUR,"Credit"," 7,500.00",EUR
"937223 - 24790085","13/07/2018","KQ LN","","",,"2,000.00","10468.65",EUR,"Credit"," 2,000.00",EUR
"937223 - 24790085","13/07/2018","VDP-EURO CAR PARTS","*0773","","16.68",,"10451.97",EUR,"Debit"," 16.68",EUR
"937223 - 24790085","13/07/2018","*INET CONNEELYM","","","450.00",,"10001.97",EUR,"Debit"," 450.00",EUR
"937223 - 24790085","13/07/2018","*INET KQ RP","","","2,000.00",,"8001.97",EUR,"Debit"," 2,000.00",EUR
"937223 - 24790085","13/07/2018","*INET OCONNORB","","","500.00",,"7501.97",EUR,"Debit"," 500.00",EUR
"937223 - 24790085","13/07/2018","*MOBI FEES","","","750.00",,"6751.97",EUR,"Debit"," 750.00",EUR
"937223 - 24790085","16/07/2018","*ATMLDG TUAM RD  A","08G19880MERCEDEGL4","",,"15,950.00","22701.97",EUR,"Credit"," 15,950.00",EUR
"937223 - 24790085","16/07/2018","VDP-APPLUS CAR TES","*0773","","1,720.00",,"20981.97",EUR,"Debit"," 1,720.00",EUR
"937223 - 24790085","16/07/2018","VDP-B & Q PLC","*0773","","198.95",,"20783.02",EUR,"Debit"," 198.95",EUR
"937223 - 24790085","16/07/2018","D/D GC re Sage Ire","GTSSDDM1819340VB","","127.92",,"20655.10",EUR,"Direct Debit"," 127.92",EUR
"937223 - 24790085","16/07/2018","D/D Securecom","GTSSDDM181920R9X","","34.05",,"20621.05",EUR,"Direct Debit"," 34.05",EUR
"937223 - 24790085","17/07/2018","VDP-APPLUS CAR TES","*0773","","1,655.00",,"18966.05",EUR,"Debit"," 1,655.00",EUR
"937223 - 24790085","17/07/2018","VDP-EURO CAR PARTS","*0773","","57.56",,"18908.49",EUR,"Debit"," 57.56",EUR
"937223 - 24790085","17/07/2018","VDP-GALWAY MOTOR T","*0773","","333.00",,"18575.49",EUR,"Debit"," 333.00",EUR
"937223 - 24790085","17/07/2018","VDP-SLIGO GATE","*0773","","106.10",,"18469.39",EUR,"Debit"," 106.10",EUR
"937223 - 24790085","17/07/2018","IE18071731219692","PYMT FEE O04","","22.50",,"18446.89",EUR,"Debit"," 22.50",EUR
"937223 - 24790085","17/07/2018","IE18071731219692","*INET DOC MTRS","","11,454.75",,"6992.14",EUR,"Debit"," 11,454.75",EUR
"937223 - 24790085","17/07/2018","600122","","","1,469.45",,"5522.69",EUR,"Cheque"," 1,469.45",EUR
"937223 - 24790085","17/07/2018","VDC-GALWAY HARBOUR","*0773","","20.00",,"5502.69",EUR,"Debit"," 20.00",EUR
"937223 - 24790085","19/07/2018","VDP-Hynes Yard Car","*0773","","7.50",,"5495.19",EUR,"Debit"," 7.50",EUR
"937223 - 24790085","20/07/2018","VDP-CARTELL.IE","*0773","","61.50",,"5433.69",EUR,"Debit"," 61.50",EUR
"937223 - 24790085","20/07/2018","VDP-EURO CAR PARTS","*0773","","60.92",,"5372.77",EUR,"Debit"," 60.92",EUR
"937223 - 24790085","20/07/2018","VDP-GALWAY MOTOR T","*0773","","399.00",,"4973.77",EUR,"Debit"," 399.00",EUR
"937223 - 24790085","23/07/2018","VDP-APPLUS CAR TES","*0773","","1,779.00",,"3194.77",EUR,"Debit"," 1,779.00",EUR
"937223 - 24790085","23/07/2018","VDP-EURO CAR PARTS","*0773","","15.01",,"3179.76",EUR,"Debit"," 15.01",EUR
"937223 - 24790085","23/07/2018","VDC-CAR PARTS WARE","*0773","","15.00",,"3164.76",EUR,"Debit"," 15.00",EUR
"937223 - 24790085","24/07/2018","*ATMLDG TUAM RD  A","151MONDEO WHITE","",,"14,750.00","17914.76",EUR,"Credit"," 14,750.00",EUR
"937223 - 24790085","24/07/2018","VDP-EURO CAR PARTS","*0773","","96.82",,"17817.94",EUR,"Debit"," 96.82",EUR
"937223 - 24790085","24/07/2018","*INET CONNEELYM","","","450.00",,"17367.94",EUR,"Debit"," 450.00",EUR
"937223 - 24790085","24/07/2018","*INET OCONNORB","","","500.00",,"16867.94",EUR,"Debit"," 500.00",EUR
"937223 - 24790085","26/07/2018","VDP-KEVIN BURKE TY","*0773","","30.00",,"16837.94",EUR,"Debit"," 30.00",EUR
"937223 - 24790085","26/07/2018","VDP-MCHUGHS SPAR","*0773","","115.62",,"16722.32",EUR,"Debit"," 115.62",EUR
"937223 - 24790085","26/07/2018","VDP-THREE IRELAND","*0773","","243.93",,"16478.39",EUR,"Debit"," 243.93",EUR
"937223 - 24790085","26/07/2018","600124","","","1,500.00",,"14978.39",EUR,"Cheque"," 1,500.00",EUR
"937223 - 24790085","30/07/2018","VDP-DELANYS TRADIN","*0773","","114.01",,"14864.38",EUR,"Debit"," 114.01",EUR
"937223 - 24790085","30/07/2018","VDP-GALWAY STONE","*0773","","500.00",,"14364.38",EUR,"Debit"," 500.00",EUR
"937223 - 24790085","30/07/2018","*INET CONNEELYM","","","374.59",,"13989.79",EUR,"Debit"," 374.59",EUR
"937223 - 24790085","30/07/2018","*INET OCONNORB","","","500.00",,"13489.79",EUR,"Debit"," 500.00",EUR
"937223 - 24790085","30/07/2018","*MOBI FEES","","","550.00",,"12939.79",EUR,"Debit"," 550.00",EUR
"937223 - 24790085","31/07/2018","VDP-GALWAY MOTOR T","*0773","","333.00",,"12606.79",EUR,"Debit"," 333.00",EUR
"937223 - 24790085","31/07/2018","VDP-GALWAY STONE","*0773","","575.00",,"12031.79",EUR,"Debit"," 575.00",EUR
"937223 - 24790085","01/08/2018","*ATMLDG ORANMORE B","S320PJ","",,"14,200.00","26231.79",EUR,"Credit"," 14,200.00",EUR
"937223 - 24790085","01/08/2018","S350","IE18080135878194","",,"10,000.00","36231.79",EUR,"Credit"," 10,000.00",EUR
"937223 - 24790085","01/08/2018","VDP-GALWAY MOTOR T","*0773","","366.00",,"35865.79",EUR,"Debit"," 366.00",EUR
"937223 - 24790085","01/08/2018","*INET PJ GREANEY","","","10,000.00",,"25865.79",EUR,"Debit"," 10,000.00",EUR
"937223 - 24790085","01/08/2018","*TBLT MR D O CONNO","","","550.00",,"25315.79",EUR,"Debit"," 550.00",EUR
"937223 - 24790085","01/08/2018","D/D ELECTRIC IRELA","GTSSDDP182072J89","","691.42",,"24624.37",EUR,"Direct Debit"," 691.42",EUR
"937223 - 24790085","02/08/2018","VDP-KEVIN BURKE TY","*0773","","769.00",,"23855.37",EUR,"Debit"," 769.00",EUR
"937223 - 24790085","03/08/2018","*ATMLDG ORANMORE B","MERC","",,"9,533.00","33388.37",EUR,"Credit"," 9,533.00",EUR
"937223 - 24790085","03/08/2018","*INET CONNEELYM","","","450.00",,"32938.37",EUR,"Debit"," 450.00",EUR
"937223 - 24790085","03/08/2018","*INET OCONNORB","","","500.00",,"32438.37",EUR,"Debit"," 500.00",EUR
"937223 - 24790085","07/08/2018","VDP-CARTELL","*0773","","61.50",,"32376.87",EUR,"Debit"," 61.50",EUR
"937223 - 24790085","07/08/2018","VDP-CIRCLE K KILCO","*0773","","50.03",,"32326.84",EUR,"Debit"," 50.03",EUR
"937223 - 24790085","07/08/2018","VDP-DENIS WILSON O","*0773","480.84GBP@0.889143","550.25",,"31776.59",EUR,"Debit"," 550.25",EUR
"937223 - 24790085","07/08/2018","600126","","","13,500.00",,"18276.59",EUR,"Cheque"," 13,500.00",EUR
"937223 - 24790085","07/08/2018","D/D Revenue Commis","GTSSDDP182151B6G","","2,540.35",,"15736.24",EUR,"Direct Debit"," 2,540.35",EUR
"937223 - 24790085","08/08/2018","VDP-APPLUS CAR TES","*0773","","1,159.00",,"14577.24",EUR,"Debit"," 1,159.00",EUR
"937223 - 24790085","08/08/2018","VDP-KEVIN BURKE TY","*0773","","159.00",,"14418.24",EUR,"Debit"," 159.00",EUR
"937223 - 24790085","08/08/2018","VDP-SIRIO TUAM ROA","*0773","","10.00",,"14408.24",EUR,"Debit"," 10.00",EUR
"937223 - 24790085","08/08/2018","600123","","","250.00",,"14158.24",EUR,"Cheque"," 250.00",EUR
"937223 - 24790085","08/08/2018","600125","","","1,600.00",,"12558.24",EUR,"Cheque"," 1,600.00",EUR
"937223 - 24790085","08/08/2018","VDC-EURO CAR PARTS","*0773","","17.22",,"12541.02",EUR,"Debit"," 17.22",EUR
"937223 - 24790085","09/08/2018","VDP-APPLUS CAR TES","*0773","","4,051.00",,"8490.02",EUR,"Debit"," 4,051.00",EUR
"937223 - 24790085","09/08/2018","VDP-CEDARGLADE LIM","*0773","","10.01",,"8480.01",EUR,"Debit"," 10.01",EUR
"937223 - 24790085","09/08/2018","VDP-EURO CAR PARTS","*0773","","17.22",,"8462.79",EUR,"Debit"," 17.22",EUR
"937223 - 24790085","10/08/2018","VDP-DENIS WI *0773","3470.00 GBP@","0.898084","3,874.78",,"4588.01",EUR,"Debit"," 3,874.78",EUR
"937223 - 24790085","10/08/2018","VDP-KEVIN BURKE TY","*0773","","425.00",,"4163.01",EUR,"Debit"," 425.00",EUR
"937223 - 24790085","10/08/2018","*INET CONNEELYM","","","450.00",,"3713.01",EUR,"Debit"," 450.00",EUR
"937223 - 24790085","10/08/2018","*INET OCONNORB","","","500.00",,"3213.01",EUR,"Debit"," 500.00",EUR
"937223 - 24790085","13/08/2018","VDP-CENTRA","*0773","","30.01",,"3183.00",EUR,"Debit"," 30.01",EUR
"937223 - 24790085","13/08/2018","VDP-CENTRA","*0773","","142.29",,"3040.71",EUR,"Debit"," 142.29",EUR
"937223 - 24790085","13/08/2018","VDP-CIRCLE K KILCO","*0773","","30.03",,"3010.68",EUR,"Debit"," 30.03",EUR
"937223 - 24790085","14/08/2018","VDP-CEDARGLADE LIM","*0773","","30.00",,"2980.68",EUR,"Debit"," 30.00",EUR
"937223 - 24790085","14/08/2018","VDP-CONDRON CAR DI","*0773","","60.00",,"2920.68",EUR,"Debit"," 60.00",EUR
"937223 - 24790085","15/08/2018","D/D Securecom","GTSSDDM182220B9Y","","34.05",,"2886.63",EUR,"Direct Debit"," 34.05",EUR
"937223 - 24790085","16/08/2018","VDP-GALWAY MOTOR T","*0773","","466.00",,"2420.63",EUR,"Debit"," 466.00",EUR
"937223 - 24790085","16/08/2018","VDP-GALWAY MOTOR T","*0773","","570.00",,"1850.63",EUR,"Debit"," 570.00",EUR
"937223 - 24790085","16/08/2018","D/D GC re Sage Ire","GTSSDDM1822626YG","","127.92",,"1722.71",EUR,"Direct Debit"," 127.92",EUR
"937223 - 24790085","17/08/2018","VDP-CENTRA","*0773","","110.00",,"1612.71",EUR,"Debit"," 110.00",EUR
"937223 - 24790085","17/08/2018","VDP-THREE IRELAND","*0773","","258.67",,"1354.04",EUR,"Debit"," 258.67",EUR
"937223 - 24790085","17/08/2018","*INET CONNEELY M","","","450.00",,"904.04",EUR,"Debit"," 450.00",EUR
"937223 - 24790085","17/08/2018","*INET OCONNORB","","","500.00",,"404.04",EUR,"Debit"," 500.00",EUR
"937223 - 24790085","20/08/2018","VDP-GALWAY STONE","*0773","","140.00",,"264.04",EUR,"Debit"," 140.00",EUR
"937223 - 24790085","20/08/2018","VDP-STATOIL","*0773","","70.00",,"194.04",EUR,"Debit"," 70.00",EUR
"937223 - 24790085","22/08/2018","KQ","","",,"2,000.00","2194.04",EUR,"Credit"," 2,000.00",EUR
"937223 - 24790085","22/08/2018","VDP-EURO CAR PARTS","*0773","","114.81",,"2079.23",EUR,"Debit"," 114.81",EUR
"937223 - 24790085","24/08/2018","*ATMLDG ORANMORE A","INSG","",,"9,200.00","11279.23",EUR,"Credit"," 9,200.00",EUR
"937223 - 24790085","27/08/2018","VDP-APPLUS CAR TES","*0773","","1,622.00",,"9657.23",EUR,"Debit"," 1,622.00",EUR
"937223 - 24790085","27/08/2018","VDP-CIRCLE K KILCO","*0773","","20.00",,"9637.23",EUR,"Debit"," 20.00",EUR
"937223 - 24790085","27/08/2018","VDP-EURO CAR PARTS","*0773","","17.22",,"9620.01",EUR,"Debit"," 17.22",EUR
"937223 - 24790085","27/08/2018","*INET CONNEELY M","","","450.00",,"9170.01",EUR,"Debit"," 450.00",EUR
"937223 - 24790085","27/08/2018","*INET OCONNORB","","","500.00",,"8670.01",EUR,"Debit"," 500.00",EUR
"937223 - 24790085","28/08/2018","VDP-GALWAY MOTOR T","*0773","","276.00",,"8394.01",EUR,"Debit"," 276.00",EUR
"937223 - 24790085","29/08/2018","600129","","","2,000.00",,"6394.01",EUR,"Cheque"," 2,000.00",EUR
"937223 - 24790085","30/08/2018","*ATMLDG TUAM RD  B","MOTOR TAX PADRAIG","",,"180.00","6574.01",EUR,"Credit"," 180.00",EUR
"937223 - 24790085","31/08/2018","VDP-APPLEGREEN GAL","*0773","","10.00",,"6564.01",EUR,"Debit"," 10.00",EUR
"937223 - 24790085","31/08/2018","VDP-APPLUS CAR TES","*0773","","200.00",,"6364.01",EUR,"Debit"," 200.00",EUR
"937223 - 24790085","31/08/2018","VDP-EURO CAR PARTS","*0773","","17.22",,"6346.79",EUR,"Debit"," 17.22",EUR
"937223 - 24790085","31/08/2018","VDP-GALWAY MOTOR T","*0773","","366.00",,"5980.79",EUR,"Debit"," 366.00",EUR
"937223 - 24790085","31/08/2018","VDP-THE CITY BIN C","*0773","","20.00",,"5960.79",EUR,"Debit"," 20.00",EUR
"937223 - 24790085","31/08/2018","600131","","","317.00",,"5643.79",EUR,"Cheque"," 317.00",EUR
"937223 - 24790085","31/08/2018","600134","","","800.00",,"4843.79",EUR,"Cheque"," 800.00",EUR
"937223 - 24790085","31/08/2018","D/D Barna Recyclin","GTSSDDM182400CRC","","5.68",,"4838.11",EUR,"Direct Debit"," 5.68",EUR
"937223 - 24790085","03/09/2018","VDP-CARTELL","*0773","","61.50",,"4776.61",EUR,"Debit"," 61.50",EUR
"937223 - 24790085","03/09/2018","VDP-Hynes Yard Car","*0773","","5.00",,"4771.61",EUR,"Debit"," 5.00",EUR
"937223 - 24790085","03/09/2018","VDP-MUSGRAVE (GWY)","*0773","","253.91",,"4517.70",EUR,"Debit"," 253.91",EUR
"937223 - 24790085","03/09/2018","*INET CONNEELYM","","","450.00",,"4067.70",EUR,"Debit"," 450.00",EUR
"937223 - 24790085","03/09/2018","*INET OCONNORB","","","500.00",,"3567.70",EUR,"Debit"," 500.00",EUR
"937223 - 24790085","04/09/2018","RHYS MONDY","","",,"4,100.00","7667.70",EUR,"Credit"," 4,100.00",EUR
"937223 - 24790085","04/09/2018","RHYS MONDY","","",,"5,000.00","12667.70",EUR,"Credit"," 5,000.00",EUR
"937223 - 24790085","04/09/2018","VDP-KEVIN BURKE TY","*0773","","181.49",,"12486.21",EUR,"Debit"," 181.49",EUR
"937223 - 24790085","04/09/2018","VDP-WWW.HUDSONKAPE","*0773","240.00GBP@0.893888","273.18",,"12213.03",EUR,"Debit"," 273.18",EUR
"937223 - 24790085","04/09/2018","600133","","","1,000.00",,"11213.03",EUR,"Cheque"," 1,000.00",EUR
"937223 - 24790085","05/09/2018","151MICR","","",,"7,000.00","18213.03",EUR,"Credit"," 7,000.00",EUR
"937223 - 24790085","05/09/2018","VDP-APPLUS CAR TES","*0773","","671.00",,"17542.03",EUR,"Debit"," 671.00",EUR
"937223 - 24790085","05/09/2018","VDP-APPLUS CAR TES","*0773","","1,371.00",,"16171.03",EUR,"Debit"," 1,371.00",EUR
"937223 - 24790085","05/09/2018","VDP-BYRNES SHOP &","*0773","","10.00",,"16161.03",EUR,"Debit"," 10.00",EUR
"937223 - 24790085","05/09/2018","VDP-EURO CAR PARTS","*0773","","17.22",,"16143.81",EUR,"Debit"," 17.22",EUR
"937223 - 24790085","05/09/2018","VDP-EURO CAR PARTS","*0773","","17.22",,"16126.59",EUR,"Debit"," 17.22",EUR
"937223 - 24790085","05/09/2018","600128","","","329.15",,"15797.44",EUR,"Cheque"," 329.15",EUR
"937223 - 24790085","05/09/2018","600132","","","55.00",,"15742.44",EUR,"Cheque"," 55.00",EUR
"937223 - 24790085","06/09/2018","RHYS MONDY TAX","","",,"190.00","15932.44",EUR,"Credit"," 190.00",EUR
"937223 - 24790085","06/09/2018","VDP-APPLUS CAR TES","*0773","","2,082.00",,"13850.44",EUR,"Debit"," 2,082.00",EUR
"937223 - 24790085","06/09/2018","VDP-EURO CAR PARTS","*0773","","17.22",,"13833.22",EUR,"Debit"," 17.22",EUR
"937223 - 24790085","06/09/2018","VDP-GALWAY MOTOR T","*0773","","200.00",,"13633.22",EUR,"Debit"," 200.00",EUR
"937223 - 24790085","06/09/2018","VDP-GALWAY MOTOR T","*0773","","280.00",,"13353.22",EUR,"Debit"," 280.00",EUR
"937223 - 24790085","07/09/2018","REVCOM0506437778J0","IE18090748809579","",,"5,813.00","19166.22",EUR,"Credit"," 5,813.00",EUR
"937223 - 24790085","07/09/2018","VDP-GALWAY MOTOR T","*0773","","190.00",,"18976.22",EUR,"Debit"," 190.00",EUR
"937223 - 24790085","07/09/2018","VDP-NORTH WEST CAR","*0773","","90.00",,"18886.22",EUR,"Debit"," 90.00",EUR
"937223 - 24790085","07/09/2018","VDP-SUMUP*SUMUP PA","*0773","","23.37",,"18862.85",EUR,"Debit"," 23.37",EUR
"937223 - 24790085","07/09/2018","VDP-THREE IRELAND","*0773","","223.74",,"18639.11",EUR,"Debit"," 223.74",EUR
"937223 - 24790085","07/09/2018","*INET CONNEELYM","","","450.00",,"18189.11",EUR,"Debit"," 450.00",EUR
"937223 - 24790085","07/09/2018","*INET OCONNORB","","","500.00",,"17689.11",EUR,"Debit"," 500.00",EUR
"937223 - 24790085","10/09/2018","600127","","","226.00",,"17463.11",EUR,"Cheque"," 226.00",EUR
"937223 - 24790085","12/09/2018","600130","","","2,000.00",,"15463.11",EUR,"Cheque"," 2,000.00",EUR
"937223 - 24790085","14/09/2018","SUMUP PAYMENTS LIM","IE18091451199080","",,"1.94","15465.05",EUR,"Credit"," 1.94",EUR
"937223 - 24790085","14/09/2018","VDP-APPLUS CAR TES","*0773","","200.00",,"15265.05",EUR,"Debit"," 200.00",EUR
"937223 - 24790085","14/09/2018","VDP-CIRCLE K KILCO","*0773","","10.00",,"15255.05",EUR,"Debit"," 10.00",EUR
"937223 - 24790085","14/09/2018","VDP-NORTH WEST CAR","*0773","","400.00",,"14855.05",EUR,"Debit"," 400.00",EUR
"937223 - 24790085","14/09/2018","VDP-TOP GALWAY","*0773","","10.00",,"14845.05",EUR,"Debit"," 10.00",EUR
"937223 - 24790085","14/09/2018","*INET CONNEELYM","","","450.00",,"14395.05",EUR,"Debit"," 450.00",EUR
"937223 - 24790085","14/09/2018","*INET OCONNORB","","","500.00",,"13895.05",EUR,"Debit"," 500.00",EUR
"937223 - 24790085","17/09/2018","VDP-CARTELL","*0773","","61.50",,"13833.55",EUR,"Debit"," 61.50",EUR
"937223 - 24790085","17/09/2018","VDP-CIRCLE K KILCO","*0773","","33.04",,"13800.51",EUR,"Debit"," 33.04",EUR
"937223 - 24790085","17/09/2018","VDP-EURO CAR PARTS","*0773","","60.75",,"13739.76",EUR,"Debit"," 60.75",EUR
"937223 - 24790085","17/09/2018","VDP-EURO CAR PARTS","*0773","","94.71",,"13645.05",EUR,"Debit"," 94.71",EUR
"937223 - 24790085","17/09/2018","VDP-Flannerys Bist","*0773","","66.60",,"13578.45",EUR,"Debit"," 66.60",EUR
"937223 - 24790085","17/09/2018","D/D GC re Sage Ire","GTSSDDM1825642MX","","127.92",,"13450.53",EUR,"Direct Debit"," 127.92",EUR
"937223 - 24790085","17/09/2018","D/D Securecom","GTSSDDM182550RSB","","34.05",,"13416.48",EUR,"Direct Debit"," 34.05",EUR
"937223 - 24790085","17/09/2018","VDC-CIRCLE K KILCO","*0773","","21.09",,"13395.39",EUR,"Debit"," 21.09",EUR
"937223 - 24790085","18/09/2018","VDP-APPLUS CAR TES","*0773","","55.00",,"13340.39",EUR,"Debit"," 55.00",EUR
"937223 - 24790085","19/09/2018","VDP-M6 SERVICE CEN","*0773","","221.28",,"13119.11",EUR,"Debit"," 221.28",EUR
"937223 - 24790085","20/09/2018","D/D ELECTRIC IRELA","GTSSDDP1825717BA","","721.77",,"12397.34",EUR,"Direct Debit"," 721.77",EUR
"937223 - 24790085","21/09/2018","SUMUP PAYMENTS LIM","IE18092153718218","",,"97.25","12494.59",EUR,"Credit"," 97.25",EUR
"937223 - 24790085","21/09/2018","VDP-APPLUS CAR TES","*0773","","346.00",,"12148.59",EUR,"Debit"," 346.00",EUR
"937223 - 24790085","21/09/2018","VDP-APPLUS CAR TES","*0773","","1,622.00",,"10526.59",EUR,"Debit"," 1,622.00",EUR
"937223 - 24790085","21/09/2018","VDP-EURO CAR PARTS","*0773","","34.44",,"10492.15",EUR,"Debit"," 34.44",EUR
"937223 - 24790085","21/09/2018","VDP-EURO CAR PARTS","*0773","","35.40",,"10456.75",EUR,"Debit"," 35.40",EUR
"937223 - 24790085","21/09/2018","VDP-KEVIN BURKE TY","*0773","","40.00",,"10416.75",EUR,"Debit"," 40.00",EUR
"937223 - 24790085","21/09/2018","VDP-Royal Villa","*0773","","111.20",,"10305.55",EUR,"Debit"," 111.20",EUR
"937223 - 24790085","21/09/2018","*INET CONNEELYM","","","450.00",,"9855.55",EUR,"Debit"," 450.00",EUR
"937223 - 24790085","21/09/2018","*INET OCONNORB","","","500.00",,"9355.55",EUR,"Debit"," 500.00",EUR
"937223 - 24790085","24/09/2018","VBOURKE VAN PAYMEN","IE18092454173572","",,"4,300.00","13655.55",EUR,"Credit"," 4,300.00",EUR
"937223 - 24790085","24/09/2018","VDP-APPLEGREEN GAL","*0773","","117.51",,"13538.04",EUR,"Debit"," 117.51",EUR
"937223 - 24790085","24/09/2018","VDP-APPLUS CAR TES","*0773","","55.00",,"13483.04",EUR,"Debit"," 55.00",EUR
"937223 - 24790085","24/09/2018","VDP-CIRCLE K KILCO","*0773","","27.82",,"13455.22",EUR,"Debit"," 27.82",EUR
"937223 - 24790085","24/09/2018","VDP-CIRCLE K KILCO","*0773","","30.80",,"13424.42",EUR,"Debit"," 30.80",EUR
"937223 - 24790085","24/09/2018","600135","","","3,448.80",,"9975.62",EUR,"Cheque"," 3,448.80",EUR
"937223 - 24790085","25/09/2018","SUMUP PAYMENTS LIM","IE18092554702898","",,"0.97","9976.59",EUR,"Credit"," 0.97",EUR
"937223 - 24790085","25/09/2018","SUMUP PAYMENTS LIM","IE18092554589264","",,"194.50","10171.09",EUR,"Credit"," 194.50",EUR
"937223 - 24790085","25/09/2018","VBOURKE VAN PAYMEN","IE18092554409858","",,"5,000.00","15171.09",EUR,"Credit"," 5,000.00",EUR
"937223 - 24790085","25/09/2018","VDP-EFLOW BARRIER","*0773","","8.30",,"15162.79",EUR,"Debit"," 8.30",EUR
"937223 - 24790085","26/09/2018","VDP-EURO CAR PARTS","*0773","","17.22",,"15145.57",EUR,"Debit"," 17.22",EUR
"937223 - 24790085","26/09/2018","VDP-EURO CAR PARTS","*0773","","53.05",,"15092.52",EUR,"Debit"," 53.05",EUR
"937223 - 24790085","26/09/2018","VDP-GALWAY CITY CO","*0773","","90.00",,"15002.52",EUR,"Debit"," 90.00",EUR
"937223 - 24790085","27/09/2018","VDP-EURO CAR PARTS","*0773","","21.30",,"14981.22",EUR,"Debit"," 21.30",EUR
"937223 - 24790085","27/09/2018","VDP-SWEENEY OIL OR","*0773","","117.00",,"14864.22",EUR,"Debit"," 117.00",EUR
"937223 - 24790085","27/09/2018","600137","","","2,250.00",,"12614.22",EUR,"Cheque"," 2,250.00",EUR
"937223 - 24790085","28/09/2018","FOCUS","IE18092856236133","",,"4,000.00","16614.22",EUR,"Credit"," 4,000.00",EUR
"937223 - 24790085","28/09/2018","VDP-APPLUS CAR TES","*0773","","665.00",,"15949.22",EUR,"Debit"," 665.00",EUR
"937223 - 24790085","28/09/2018","VDP-CARTELL","*0773","","61.50",,"15887.72",EUR,"Debit"," 61.50",EUR
"937223 - 24790085","28/09/2018","VDP-EURO CAR PARTS","*0773","","17.22",,"15870.50",EUR,"Debit"," 17.22",EUR
"937223 - 24790085","28/09/2018","*INET CONNEELYM","","","500.00",,"15370.50",EUR,"Debit"," 500.00",EUR
"937223 - 24790085","28/09/2018","*INET OCONNORB","","","500.00",,"14870.50",EUR,"Debit"," 500.00",EUR
"937223 - 24790085","28/09/2018","IE18092856478989","PYMT FEE O04","","22.50",,"14848.00",EUR,"Debit"," 22.50",EUR
"937223 - 24790085","28/09/2018","IE18092856478989","*INET INV 229 230","","8,664.92",,"6183.08",EUR,"Debit"," 8,664.92",EUR
"937223 - 24790085","28/09/2018","FEE-QTR TO 31AUG18","937223-24790085","","171.02",,"6012.06",EUR,"Debit"," 171.02",EUR
"937223 - 24790085","28/09/2018","600140","","","1,500.00",,"4512.06",EUR,"Cheque"," 1,500.00",EUR
"937223 - 24790085","28/09/2018","D/D Cars Ireland","GTSSDDM182682LC1","","158.67",,"4353.39",EUR,"Direct Debit"," 158.67",EUR
"937223 - 24790085","28/09/2018","GOVSTMPDTY24790085","16@ 0.50 EACH","","8.00",,"4345.39",EUR,"Direct Debit"," 8.00",EUR
"937223 - 24790085","01/10/2018","*ATMLDG ORANMORE B","FOCU","",,"5,550.00","9895.39",EUR,"Credit"," 5,550.00",EUR
"937223 - 24790085","01/10/2018","VDP-KENNY GALWAY L","*0773","","28.00",,"9867.39",EUR,"Debit"," 28.00",EUR
"937223 - 24790085","01/10/2018","600136","","","1,125.00",,"8742.39",EUR,"Cheque"," 1,125.00",EUR
"937223 - 24790085","02/10/2018","*ATMLDG ORANMORE B","SPORTAGE","",,"27,500.00","36242.39",EUR,"Credit"," 27,500.00",EUR
"937223 - 24790085","02/10/2018","VDP-Derrydonnell S","*0773","","50.27",,"36192.12",EUR,"Debit"," 50.27",EUR
"937223 - 24790085","02/10/2018","VDP-KEVIN BURKE TY","*0773","","540.00",,"35652.12",EUR,"Debit"," 540.00",EUR
"937223 - 24790085","02/10/2018","VDP-MUSGRAVE (GWY)","*0773","","92.85",,"35559.27",EUR,"Debit"," 92.85",EUR
"937223 - 24790085","03/10/2018","600139","","","3,000.00",,"32559.27",EUR,"Cheque"," 3,000.00",EUR
"937223 - 24790085","04/10/2018","VDP-THREE IRELAND","*0773","","244.99",,"32314.28",EUR,"Debit"," 244.99",EUR
"937223 - 24790085","05/10/2018","LODGMENT    210417","","",,"4,000.00","36314.28",EUR,"Credit"," 4,000.00",EUR
"937223 - 24790085","05/10/2018","VDP-EURO CAR PARTS","*0773","","17.22",,"36297.06",EUR,"Debit"," 17.22",EUR
"937223 - 24790085","05/10/2018","*INET CONNEELYM","","","400.00",,"35897.06",EUR,"Debit"," 400.00",EUR
"937223 - 24790085","05/10/2018","*INET DOCONNOR","","","1,000.00",,"34897.06",EUR,"Debit"," 1,000.00",EUR
"937223 - 24790085","05/10/2018","*INET OCONNORB","","","500.00",,"34397.06",EUR,"Debit"," 500.00",EUR
"937223 - 24790085","08/10/2018","*ATMLDG ORANMORE A","X5 DEP","",,"1,000.00","35397.06",EUR,"Credit"," 1,000.00",EUR
"937223 - 24790085","08/10/2018","VDP-EURO CAR PARTS","*0773","","75.44",,"35321.62",EUR,"Debit"," 75.44",EUR
"937223 - 24790085","08/10/2018","VDP-KEVIN BURKE TY","*0773","","340.00",,"34981.62",EUR,"Debit"," 340.00",EUR
"937223 - 24790085","09/10/2018","VDP-CENTRA","*0773","","112.85",,"34868.77",EUR,"Debit"," 112.85",EUR
"937223 - 24790085","09/10/2018","VDP-EURO CAR PARTS","*0773","","34.19",,"34834.58",EUR,"Debit"," 34.19",EUR
"937223 - 24790085","09/10/2018","VDP-GALWAY MOTOR T","*0773","","190.00",,"34644.58",EUR,"Debit"," 190.00",EUR
"937223 - 24790085","09/10/2018","600138","","","2,350.00",,"32294.58",EUR,"Cheque"," 2,350.00",EUR
"937223 - 24790085","09/10/2018","600141","","","1,200.00",,"31094.58",EUR,"Cheque"," 1,200.00",EUR
"937223 - 24790085","10/10/2018","600142","","","537.30",,"30557.28",EUR,"Cheque"," 537.30",EUR
"937223 - 24790085","11/10/2018","600144","","","200.00",,"30357.28",EUR,"Cheque"," 200.00",EUR
"937223 - 24790085","12/10/2018","VDP-Derrydonnell S","*0773","","35.65",,"30321.63",EUR,"Debit"," 35.65",EUR
"937223 - 24790085","12/10/2018","*INET CONNEELYM","","","450.00",,"29871.63",EUR,"Debit"," 450.00",EUR
"937223 - 24790085","12/10/2018","*INET GALLIGAN C","","","500.00",,"29371.63",EUR,"Debit"," 500.00",EUR
"937223 - 24790085","12/10/2018","*INET OCONNORB","","","500.00",,"28871.63",EUR,"Debit"," 500.00",EUR
"937223 - 24790085","12/10/2018","600148","","","500.00",,"28371.63",EUR,"Cheque"," 500.00",EUR
"937223 - 24790085","12/10/2018","600151","","","200.00",,"28171.63",EUR,"Cheque"," 200.00",EUR
"937223 - 24790085","12/10/2018","600152","","","107.00",,"28064.63",EUR,"Cheque"," 107.00",EUR
"937223 - 24790085","15/10/2018","LODGMENT","","",,"5,000.00","33064.63",EUR,"Credit"," 5,000.00",EUR
"937223 - 24790085","15/10/2018","VDP-APPLUS CAR TES","*0773","","1,680.00",,"31384.63",EUR,"Debit"," 1,680.00",EUR
"937223 - 24790085","15/10/2018","VDP-CENTRA","*0773","","99.37",,"31285.26",EUR,"Debit"," 99.37",EUR
"937223 - 24790085","15/10/2018","VDP-EURO CAR PARTS","*0773","","17.22",,"31268.04",EUR,"Debit"," 17.22",EUR
"937223 - 24790085","15/10/2018","VDP-EURO CAR PARTS","*0773","","41.10",,"31226.94",EUR,"Debit"," 41.10",EUR
"937223 - 24790085","15/10/2018","VDP-EURO CAR PARTS","*0773","","46.25",,"31180.69",EUR,"Debit"," 46.25",EUR
"937223 - 24790085","15/10/2018","WITHDRAWAL  537500","","","22,503.50",,"8677.19",EUR,"Debit"," 22,503.50",EUR
"937223 - 24790085","15/10/2018","600143","","","200.00",,"8477.19",EUR,"Cheque"," 200.00",EUR
"937223 - 24790085","15/10/2018","600149","","","1,000.00",,"7477.19",EUR,"Cheque"," 1,000.00",EUR
"937223 - 24790085","15/10/2018","D/D Securecom","GTSSDDM18283170H","","34.05",,"7443.14",EUR,"Direct Debit"," 34.05",EUR
"937223 - 24790085","16/10/2018","*ATMLDG ORANMORE A","Card ending: 0773","",,"8,500.00","15943.14",EUR,"Credit"," 8,500.00",EUR
"937223 - 24790085","16/10/2018","VDP-EURO CAR PARTS","*0773","","63.91",,"15879.23",EUR,"Debit"," 63.91",EUR
"937223 - 24790085","16/10/2018","D/D GC re Sage Ire","GTSSDDM18285244Q","","127.92",,"15751.31",EUR,"Direct Debit"," 127.92",EUR
"937223 - 24790085","17/10/2018","VDP-EURO CAR PARTS","*0773","","57.81",,"15693.50",EUR,"Debit"," 57.81",EUR
"937223 - 24790085","18/10/2018","*ATMLDG ORANMORE A","DISPATCH","",,"8,000.00","23693.50",EUR,"Credit"," 8,000.00",EUR
"937223 - 24790085","18/10/2018","VDP-APPLUS CAR TES","*0773","","1,116.00",,"22577.50",EUR,"Debit"," 1,116.00",EUR
"937223 - 24790085","18/10/2018","D/D GC re Distille","GTSSDDM182891NY7","","353.01",,"22224.49",EUR,"Direct Debit"," 353.01",EUR
"937223 - 24790085","18/10/2018","VDC-BYM ENTERPRISE","*0773","","14.00",,"22210.49",EUR,"Debit"," 14.00",EUR
"937223 - 24790085","18/10/2018","VDC-EURO CAR PARTS","*0773","","14.76",,"22195.73",EUR,"Debit"," 14.76",EUR
"937223 - 24790085","18/10/2018","VDC-EURO CAR PARTS","*0773","","30.00",,"22165.73",EUR,"Debit"," 30.00",EUR
"937223 - 24790085","19/10/2018","VDP-APPLUS CAR TES","*0773","","3,744.00",,"18421.73",EUR,"Debit"," 3,744.00",EUR
"937223 - 24790085","19/10/2018","VDP-EURO CAR PARTS","*0773","","17.22",,"18404.51",EUR,"Debit"," 17.22",EUR
"937223 - 24790085","19/10/2018","VDP-EURO CAR PARTS","*0773","","30.26",,"18374.25",EUR,"Debit"," 30.26",EUR
"937223 - 24790085","19/10/2018","VDP-EURO CAR PARTS","*0773","","160.47",,"18213.78",EUR,"Debit"," 160.47",EUR
"937223 - 24790085","19/10/2018","*INET CONNEELYM","","","450.00",,"17763.78",EUR,"Debit"," 450.00",EUR
"937223 - 24790085","19/10/2018","*INET OCONNORB","","","500.00",,"17263.78",EUR,"Debit"," 500.00",EUR
"937223 - 24790085","22/10/2018","131CEED","","",,"8,300.00","25563.78",EUR,"Credit"," 8,300.00",EUR
"937223 - 24790085","22/10/2018","VDP-APPLEGREEN BAL","*0773","","26.01",,"25537.77",EUR,"Debit"," 26.01",EUR
"937223 - 24790085","22/10/2018","VDP-APPLEGREEN GAL","*0773","","91.81",,"25445.96",EUR,"Debit"," 91.81",EUR
"937223 - 24790085","22/10/2018","VDP-APPLUS CAR TES","*0773","","55.00",,"25390.96",EUR,"Debit"," 55.00",EUR
"937223 - 24790085","22/10/2018","VDP-CENTRA","*0773","","127.10",,"25263.86",EUR,"Debit"," 127.10",EUR
"937223 - 24790085","22/10/2018","VDP-EURO CAR PARTS","*0773","","92.40",,"25171.46",EUR,"Debit"," 92.40",EUR
"937223 - 24790085","22/10/2018","VDP-GALWAY MOTOR T","*0773","","380.00",,"24791.46",EUR,"Debit"," 380.00",EUR
"937223 - 24790085","22/10/2018","VDP-KEVIN BURKE TY","*0773","","320.00",,"24471.46",EUR,"Debit"," 320.00",EUR
"937223 - 24790085","22/10/2018","IE18102265354594","PYMT FEE O04","","22.50",,"24448.96",EUR,"Debit"," 22.50",EUR
"937223 - 24790085","22/10/2018","IE18102265354594","*INET 09 KUG 131C","","12,080.07",,"12368.89",EUR,"Debit"," 12,080.07",EUR
"937223 - 24790085","22/10/2018","600150","","","2,756.24",,"9612.65",EUR,"Cheque"," 2,756.24",EUR
"937223 - 24790085","22/10/2018","600154","","","1,400.00",,"8212.65",EUR,"Cheque"," 1,400.00",EUR
"937223 - 24790085","23/10/2018","*ATMLDG ORANMORE A","131INSIG EST","",,"2,600.00","10812.65",EUR,"Credit"," 2,600.00",EUR
"937223 - 24790085","23/10/2018","*ATMLDG ORANMORE A","I31INSIG EST","",,"5,250.00","16062.65",EUR,"Credit"," 5,250.00",EUR
"937223 - 24790085","23/10/2018","VDP-CALBRO EXHAUST","*0773","","20.00",,"16042.65",EUR,"Debit"," 20.00",EUR
"937223 - 24790085","23/10/2018","VDP-MODERN IRON WO","*0773","","177.36",,"15865.29",EUR,"Debit"," 177.36",EUR
"937223 - 24790085","23/10/2018","IE18102365793804","PYMT FEE O04","","22.50",,"15842.79",EUR,"Debit"," 22.50",EUR
"937223 - 24790085","23/10/2018","IE18102365793804","*INET SDG63BGO","","6,883.89",,"8958.90",EUR,"Debit"," 6,883.89",EUR
"937223 - 24790085","23/10/2018","600156","","","1,000.00",,"7958.90",EUR,"Cheque"," 1,000.00",EUR
"937223 - 24790085","24/10/2018","VDP-APPLUS CAR TES","*0773","","1,701.00",,"6257.90",EUR,"Debit"," 1,701.00",EUR
"937223 - 24790085","24/10/2018","600107","","","500.00",,"5757.90",EUR,"Cheque"," 500.00",EUR
"937223 - 24790085","24/10/2018","600157","","","64.38",,"5693.52",EUR,"Cheque"," 64.38",EUR
"937223 - 24790085","24/10/2018","VDC-EURO CAR PARTS","*0773","","17.22",,"5676.30",EUR,"Debit"," 17.22",EUR
"937223 - 24790085","25/10/2018","LN","","",,"4,000.00","9676.30",EUR,"Credit"," 4,000.00",EUR
"937223 - 24790085","25/10/2018","VDP-APPLUS CAR TES","*0773","","55.00",,"9621.30",EUR,"Debit"," 55.00",EUR
"937223 - 24790085","25/10/2018","600153","","","5,300.00",,"4321.30",EUR,"Cheque"," 5,300.00",EUR
"937223 - 24790085","25/10/2018","VDC-CIRCLE K KILCO","*0773","","20.01",,"4301.29",EUR,"Debit"," 20.01",EUR
"937223 - 24790085","26/10/2018","VDP-EURO CAR PARTS","*0773","",,"6.83","4308.12",EUR,"Credit"," 6.83",EUR
"937223 - 24790085","26/10/2018","VDP-APPLUS CAR TES","*0773","","2,062.00",,"2246.12",EUR,"Debit"," 2,062.00",EUR
"937223 - 24790085","26/10/2018","VDP-CALBRO EXHAUST","*0773","","70.00",,"2176.12",EUR,"Debit"," 70.00",EUR
"937223 - 24790085","26/10/2018","VDP-EURO CAR PARTS","*0773","","17.22",,"2158.90",EUR,"Debit"," 17.22",EUR
"937223 - 24790085","26/10/2018","VDP-EURO CAR PARTS","*0773","","33.57",,"2125.33",EUR,"Debit"," 33.57",EUR
"937223 - 24790085","26/10/2018","*INET CONNEELYM","","","450.00",,"1675.33",EUR,"Debit"," 450.00",EUR
"937223 - 24790085","26/10/2018","*INET OCONNORB","","","500.00",,"1175.33",EUR,"Debit"," 500.00",EUR
"937223 - 24790085","26/10/2018","D/D Cars Ireland","GTSSDDM182971EX3","","158.67",,"1016.66",EUR,"Direct Debit"," 158.67",EUR
"937223 - 24790085","30/10/2018","LN","","",,"1,500.00","2516.66",EUR,"Credit"," 1,500.00",EUR
"937223 - 24790085","30/10/2018","VDP-APPLUS CAR TES","*0773","","55.00",,"2461.66",EUR,"Debit"," 55.00",EUR
"937223 - 24790085","30/10/2018","VDP-EURO CAR PARTS","*0773","","17.00",,"2444.66",EUR,"Debit"," 17.00",EUR
"937223 - 24790085","30/10/2018","*INET G FLYNN","","","500.00",,"1944.66",EUR,"Debit"," 500.00",EUR
"937223 - 24790085","30/10/2018","600155","","","1,400.00",,"544.66",EUR,"Cheque"," 1,400.00",EUR
"937223 - 24790085","31/10/2018","*ATMLDG ORANMORE A","09KUGA","",,"7,200.00","7744.66",EUR,"Credit"," 7,200.00",EUR
"937223 - 24790085","31/10/2018","D/D Barna Recyclin","GTSSDDM182991TY8","","5.68",,"7738.98",EUR,"Direct Debit"," 5.68",EUR
"937223 - 24790085","01/11/2018","VDP-APPLEGREEN GAL","*0773","","32.00",,"7706.98",EUR,"Debit"," 32.00",EUR
"937223 - 24790085","01/11/2018","VDP-EURO CAR PARTS","*0773","","38.16",,"7668.82",EUR,"Debit"," 38.16",EUR
"937223 - 24790085","02/11/2018","VDP-EURO CAR PARTS","*0773","","67.52",,"7601.30",EUR,"Debit"," 67.52",EUR
"937223 - 24790085","02/11/2018","VDP-KEVIN BURKE TY","*0773","","144.93",,"7456.37",EUR,"Debit"," 144.93",EUR
"937223 - 24790085","02/11/2018","VDP-SIRIO TUAM ROA","*0773","","20.01",,"7436.36",EUR,"Debit"," 20.01",EUR
"937223 - 24790085","02/11/2018","*INET CONNELLYM","","","450.00",,"6986.36",EUR,"Debit"," 450.00",EUR
"937223 - 24790085","02/11/2018","*INET GARY FLYNN","","","500.00",,"6486.36",EUR,"Debit"," 500.00",EUR
"937223 - 24790085","02/11/2018","*INET OCONNORB","","","500.00",,"5986.36",EUR,"Debit"," 500.00",EUR
"937223 - 24790085","05/11/2018","VDP-EURO CAR PARTS","*0773","","18.17",,"5968.19",EUR,"Debit"," 18.17",EUR
"937223 - 24790085","06/11/2018","VDP-THREE IRELAND","*0773","","251.45",,"5716.74",EUR,"Debit"," 251.45",EUR
"937223 - 24790085","06/11/2018","D/D Revenue Commis","GTSSDDP183060WZX","","1,638.48",,"4078.26",EUR,"Direct Debit"," 1,638.48",EUR
"937223 - 24790085","07/11/2018","VDP-CORRS CORNER H","*0773","77.00GBP@0.871237","89.92",,"3988.34",EUR,"Debit"," 89.92",EUR
"937223 - 24790085","07/11/2018","VDP-MACS PLACE T/A","*0773","","95.01",,"3893.33",EUR,"Debit"," 95.01",EUR
"937223 - 24790085","09/11/2018","VDP-APPLUS CAR TES","*0773","","200.00",,"3693.33",EUR,"Debit"," 200.00",EUR
"937223 - 24790085","09/11/2018","VDP-EURO CAR PARTS","*0773","","17.22",,"3676.11",EUR,"Debit"," 17.22",EUR
"937223 - 24790085","09/11/2018","*INET CONNEELY M","","","450.00",,"3226.11",EUR,"Debit"," 450.00",EUR
"937223 - 24790085","09/11/2018","*INET OCONNORB","","","500.00",,"2726.11",EUR,"Debit"," 500.00",EUR
"937223 - 24790085","12/11/2018","HYUNDAI GALWAY","IE18111274487856","",,"7,072.50","9798.61",EUR,"Credit"," 7,072.50",EUR
"937223 - 24790085","12/11/2018","VDP-CARTELL","*0773","","61.50",,"9737.11",EUR,"Debit"," 61.50",EUR
"937223 - 24790085","12/11/2018","VDP-GALWAY CARTRID","*0773","","368.00",,"9369.11",EUR,"Debit"," 368.00",EUR
"937223 - 24790085","12/11/2018","VDP-SIRIO TUAM ROA","*0773","","54.11",,"9315.00",EUR,"Debit"," 54.11",EUR
"937223 - 24790085","12/11/2018","*INET MR GARY FLYN","","","320.00",,"8995.00",EUR,"Debit"," 320.00",EUR
"937223 - 24790085","12/11/2018","VDC-NEW SOUTHERN R","*0773","16.20GBP@0.869098","18.96",,"8976.04",EUR,"Debit"," 18.96",EUR
"937223 - 24790085","13/11/2018","VDP-EFLOW BARRIER","*0773","","6.10",,"8969.94",EUR,"Debit"," 6.10",EUR
"937223 - 24790085","14/11/2018","VDP-KEVIN BURKE TY","*0773","","40.00",,"8929.94",EUR,"Debit"," 40.00",EUR
"937223 - 24790085","14/11/2018","600159","","","1,500.00",,"7429.94",EUR,"Cheque"," 1,500.00",EUR
"937223 - 24790085","15/11/2018","DEPOSIT","","",,"200.00","7629.94",EUR,"Credit"," 200.00",EUR
"937223 - 24790085","15/11/2018","D/D Securecom","GTSSDDM183160NO0","","34.05",,"7595.89",EUR,"Direct Debit"," 34.05",EUR
"937223 - 24790085","16/11/2018","R R SPORT","","",,"10,000.00","17595.89",EUR,"Credit"," 10,000.00",EUR
"937223 - 24790085","16/11/2018","*INET CONNEELYM","","","450.00",,"17145.89",EUR,"Debit"," 450.00",EUR
"937223 - 24790085","16/11/2018","*INET OCONNORB","","","500.00",,"16645.89",EUR,"Debit"," 500.00",EUR
"937223 - 24790085","16/11/2018","D/D GC re Sage Ire","GTSSDDM183182FL8","","127.92",,"16517.97",EUR,"Direct Debit"," 127.92",EUR
"937223 - 24790085","19/11/2018","VDP-EURO CAR PARTS","*0773","","77.15",,"16440.82",EUR,"Debit"," 77.15",EUR
"937223 - 24790085","19/11/2018","*INET AAAMBER INSU","","","1,590.00",,"14850.82",EUR,"Debit"," 1,590.00",EUR
"937223 - 24790085","19/11/2018","IE18111978141323","PYMT FEE O04","","22.50",,"14828.32",EUR,"Debit"," 22.50",EUR
"937223 - 24790085","19/11/2018","IE18111978141323","*INET AAMBER RR 1","","5,705.81",,"9122.51",EUR,"Debit"," 5,705.81",EUR
"937223 - 24790085","19/11/2018","600147","","","370.00",,"8752.51",EUR,"Cheque"," 370.00",EUR
"937223 - 24790085","19/11/2018","D/D GC re Distille","GTSSDDM183191XPQ","","258.30",,"8494.21",EUR,"Direct Debit"," 258.30",EUR
"937223 - 24790085","20/11/2018","VDP-EURO CAR PARTS","*0773","","5.90",,"8488.31",EUR,"Debit"," 5.90",EUR
"937223 - 24790085","21/11/2018","600161","","","1,000.00",,"7488.31",EUR,"Cheque"," 1,000.00",EUR
"937223 - 24790085","22/11/2018","600160","","","98.40",,"7389.91",EUR,"Cheque"," 98.40",EUR
"937223 - 24790085","23/11/2018","*INET CONNEELY M","","","450.00",,"6939.91",EUR,"Debit"," 450.00",EUR
"937223 - 24790085","23/11/2018","*INET MR GARY FLYN","","","400.00",,"6539.91",EUR,"Debit"," 400.00",EUR
"937223 - 24790085","23/11/2018","*INET OCONNORB","","","500.00",,"6039.91",EUR,"Debit"," 500.00",EUR
"937223 - 24790085","26/11/2018","VDP-EURO CAR PARTS","*0773","","33.56",,"6006.35",EUR,"Debit"," 33.56",EUR
"937223 - 24790085","27/11/2018","*MOBI CURRENT - ST","","",,"100.00","6106.35",EUR,"Credit"," 100.00",EUR
"937223 - 24790085","27/11/2018","131 G 907","","",,"9,800.00","15906.35",EUR,"Credit"," 9,800.00",EUR
"937223 - 24790085","27/11/2018","600158","","","150.00",,"15756.35",EUR,"Cheque"," 150.00",EUR
"937223 - 24790085","29/11/2018","LODGMENT","","",,"7,750.00","23506.35",EUR,"Credit"," 7,750.00",EUR
"937223 - 24790085","29/11/2018","VDP-AGNEW TR *0773","4895.00 GBP@","0.881042","5,566.92",,"17939.43",EUR,"Debit"," 5,566.92",EUR
"937223 - 24790085","29/11/2018","VDP-THREE IRELAND","*0773","","250.71",,"17688.72",EUR,"Debit"," 250.71",EUR
"937223 - 24790085","29/11/2018","IE18112983709657","PYMT FEE O04","","22.50",,"17666.22",EUR,"Debit"," 22.50",EUR
"937223 - 24790085","29/11/2018","IE18112983709657","*INET DOCMTRS","","4,573.52",,"13092.70",EUR,"Debit"," 4,573.52",EUR
"937223 - 24790085","29/11/2018","600162","","","1,000.00",,"12092.70",EUR,"Cheque"," 1,000.00",EUR
"937223 - 24790085","29/11/2018","D/D ELECTRIC IRELA","GTSSDDP183272LMU","","844.33",,"11248.37",EUR,"Direct Debit"," 844.33",EUR
"937223 - 24790085","30/11/2018","VDP-CIRCLE K KILCO","*0773","","106.29",,"11142.08",EUR,"Debit"," 106.29",EUR
"937223 - 24790085","30/11/2018","*INET CONNEELYM","","","450.00",,"10692.08",EUR,"Debit"," 450.00",EUR
"937223 - 24790085","30/11/2018","*INET OCONNORB","","","500.00",,"10192.08",EUR,"Debit"," 500.00",EUR
"937223 - 24790085","30/11/2018","D/D Cars Ireland","GTSSDDM183312ETD","","158.67",,"10033.41",EUR,"Direct Debit"," 158.67",EUR
"937223 - 24790085","03/12/2018","VDP-APPLUS CAR TES","*0773","","1,548.00",,"8485.41",EUR,"Debit"," 1,548.00",EUR
"937223 - 24790085","03/12/2018","VDP-CARTELL","*0773","","61.50",,"8423.91",EUR,"Debit"," 61.50",EUR
"937223 - 24790085","03/12/2018","VDP-EURO CAR PARTS","*0773","","21.62",,"8402.29",EUR,"Debit"," 21.62",EUR
"937223 - 24790085","03/12/2018","*MOBI RETURN DEPOS","","","1,000.00",,"7402.29",EUR,"Debit"," 1,000.00",EUR
"937223 - 24790085","04/12/2018","VDP-APPLEGREEN GAL","*0773","","43.26",,"7359.03",EUR,"Debit"," 43.26",EUR
"937223 - 24790085","04/12/2018","VDP-EURO CAR PARTS","*0773","","36.31",,"7322.72",EUR,"Debit"," 36.31",EUR
"937223 - 24790085","04/12/2018","VDP-EURO CAR PARTS","*0773","","117.11",,"7205.61",EUR,"Debit"," 117.11",EUR
"937223 - 24790085","04/12/2018","VDP-KEVIN BURKE TY","*0773","","40.00",,"7165.61",EUR,"Debit"," 40.00",EUR
"937223 - 24790085","04/12/2018","600163","","","86.60",,"7079.01",EUR,"Cheque"," 86.60",EUR
"937223 - 24790085","05/12/2018","VDP-KEVIN BURKE TY","*0773","","116.00",,"6963.01",EUR,"Debit"," 116.00",EUR
"937223 - 24790085","05/12/2018","IE18120586933024","PYMT FEE O04","","22.50",,"6940.51",EUR,"Debit"," 22.50",EUR
"937223 - 24790085","05/12/2018","IE18120586933024","*INET DOC MTRS","","5,677.95",,"1262.56",EUR,"Debit"," 5,677.95",EUR
"937223 - 24790085","06/12/2018","CAR","","",,"2,193.63","3456.19",EUR,"Credit"," 2,193.63",EUR
"937223 - 24790085","07/12/2018","VDP-APPLUS CAR TES","*0773","","1,333.00",,"2123.19",EUR,"Debit"," 1,333.00",EUR
"937223 - 24790085","07/12/2018","*INET CONNEELY M","","","450.00",,"1673.19",EUR,"Debit"," 450.00",EUR
"937223 - 24790085","07/12/2018","*INET OCONNORB","","","500.00",,"1173.19",EUR,"Debit"," 500.00",EUR
"937223 - 24790085","10/12/2018","*ATMLDG ORANMORE B","12LK3901","",,"5,500.00","6673.19",EUR,"Credit"," 5,500.00",EUR
"937223 - 24790085","10/12/2018","VDP-APPLEGREEN GAL","*0773","","30.00",,"6643.19",EUR,"Debit"," 30.00",EUR
"937223 - 24790085","10/12/2018","VDP-K.D. AUTOPARTS","*0773","","20.00",,"6623.19",EUR,"Debit"," 20.00",EUR
"937223 - 24790085","10/12/2018","VDP-KEVIN BURKE TY","*0773","","193.83",,"6429.36",EUR,"Debit"," 193.83",EUR
"937223 - 24790085","10/12/2018","VDP-SIRIO TUAM ROA","*0773","","25.80",,"6403.56",EUR,"Debit"," 25.80",EUR
"937223 - 24790085","10/12/2018","VDP-UTS PARKING &","*0773","","2.50",,"6401.06",EUR,"Debit"," 2.50",EUR
"937223 - 24790085","10/12/2018","*INET MR GARY FLYN","","","260.00",,"6141.06",EUR,"Debit"," 260.00",EUR
"937223 - 24790085","11/12/2018","08FOCU2","","",,"3,006.22","9147.28",EUR,"Credit"," 3,006.22",EUR
"937223 - 24790085","11/12/2018","VDP-CARTELL","*0773","","61.50",,"9085.78",EUR,"Debit"," 61.50",EUR
"937223 - 24790085","11/12/2018","*24 HR K Jennings","","","6,750.00",,"2335.78",EUR,"Debit"," 6,750.00",EUR
"937223 - 24790085","11/12/2018","IE18121189720361","PYMT FEE O04","","22.50",,"2313.28",EUR,"Debit"," 22.50",EUR
"937223 - 24790085","11/12/2018","IE18121189720361","*INET ACCO","","1,120.82",,"1192.46",EUR,"Debit"," 1,120.82",EUR
"937223 - 24790085","14/12/2018","KQ LN","","",,"1,000.00","2192.46",EUR,"Credit"," 1,000.00",EUR
"937223 - 24790085","14/12/2018","*INET CONNEELYM","","","450.00",,"1742.46",EUR,"Debit"," 450.00",EUR
"937223 - 24790085","14/12/2018","*INET OCONNORB","","","500.00",,"1242.46",EUR,"Debit"," 500.00",EUR
"937223 - 24790085","17/12/2018","VDP-FRED OCONNOR C","*0773","","53.17",,"1189.29",EUR,"Debit"," 53.17",EUR
"937223 - 24790085","17/12/2018","D/D GC re Sage Ire","GTSSDDM18347433G","","127.92",,"1061.37",EUR,"Direct Debit"," 127.92",EUR
"937223 - 24790085","17/12/2018","D/D Securecom","GTSSDDM183460U8N","","34.05",,"1027.32",EUR,"Direct Debit"," 34.05",EUR
"937223 - 24790085","18/12/2018","*ATMLDG TUAM RD  A","08C24771 DARREN FL","",,"850.00","1877.32",EUR,"Credit"," 850.00",EUR
"937223 - 24790085","18/12/2018","600164","","","249.70",,"1627.62",EUR,"Cheque"," 249.70",EUR
"937223 - 24790085","19/12/2018","VDP-CENTRA","*0773","","24.00",,"1603.62",EUR,"Debit"," 24.00",EUR
"937223 - 24790085","19/12/2018","VDP-EURO CAR PARTS","*0773","","17.22",,"1586.40",EUR,"Debit"," 17.22",EUR
"937223 - 24790085","19/12/2018","VDP-SIRIO TUAM ROA","*0773","","15.00",,"1571.40",EUR,"Debit"," 15.00",EUR
"937223 - 24790085","19/12/2018","D/D GC re Distille","GTSSDDM1835127D0","","258.30",,"1313.10",EUR,"Direct Debit"," 258.30",EUR
"937223 - 24790085","20/12/2018","CADDY","","",,"3,500.00","4813.10",EUR,"Credit"," 3,500.00",EUR
"937223 - 24790085","20/12/2018","VDP-APPLUS CAR TES","*0773","","200.00",,"4613.10",EUR,"Debit"," 200.00",EUR
"937223 - 24790085","20/12/2018","VDP-EURO CAR PARTS","*0773","","17.22",,"4595.88",EUR,"Debit"," 17.22",EUR
"937223 - 24790085","20/12/2018","VDP-GALWAY MOTOR T","*0773","","193.00",,"4402.88",EUR,"Debit"," 193.00",EUR
"937223 - 24790085","21/12/2018","DEP COSTUM","","",,"500.00","4902.88",EUR,"Credit"," 500.00",EUR
"937223 - 24790085","21/12/2018","VDP-CENTRA","*0773","","52.11",,"4850.77",EUR,"Debit"," 52.11",EUR
"937223 - 24790085","21/12/2018","*INET CONNEELY M","","","900.00",,"3950.77",EUR,"Debit"," 900.00",EUR
"937223 - 24790085","21/12/2018","*INET O CONNOR B","","","500.00",,"3450.77",EUR,"Debit"," 500.00",EUR
"937223 - 24790085","21/12/2018","D/D Cars Ireland","GTSSDDM183531VAJ","","158.67",,"3292.10",EUR,"Direct Debit"," 158.67",EUR
"937223 - 24790085","24/12/2018","VDP-CIRCLE K KILCO","*0773","","25.91",,"3266.19",EUR,"Debit"," 25.91",EUR
"937223 - 24790085","24/12/2018","VDP-EFLOW.IE","*0773","","12.20",,"3253.99",EUR,"Debit"," 12.20",EUR
"937223 - 24790085","24/12/2018","VDP-MUSGRAVE (GWY)","*0773","","141.73",,"3112.26",EUR,"Debit"," 141.73",EUR
"937223 - 24790085","24/12/2018","VDP-TESCO PFS 4102","*0773","","104.01",,"3008.25",EUR,"Debit"," 104.01",EUR
"937223 - 24790085","28/12/2018","TOM MATTHEWS","IE18122898123848","",,"7,950.00","10958.25",EUR,"Credit"," 7,950.00",EUR
"937223 - 24790085","28/12/2018","*INET OCONNORB","","","500.00",,"10458.25",EUR,"Debit"," 500.00",EUR
"937223 - 24790085","28/12/2018","FEE-QTR TO 30NOV18","937223-24790085","","245.19",,"10213.06",EUR,"Debit"," 245.19",EUR
"937223 - 24790085","31/12/2018","*ATMLDG ORANMORE A","151COSTUM","",,"10,877.00","21090.06",EUR,"Credit"," 10,877.00",EUR
"937223 - 24790085","31/12/2018","VDP-CENTRA","*0773","","55.65",,"21034.41",EUR,"Debit"," 55.65",EUR
"937223 - 24790085","31/12/2018","VDP-GALWAY MOTOR T","*0773","","532.00",,"20502.41",EUR,"Debit"," 532.00",EUR
"937223 - 24790085","31/12/2018","VDP-HOME STORE & M","*0773","","83.56",,"20418.85",EUR,"Debit"," 83.56",EUR
"937223 - 24790085","31/12/2018","600169","","","3,000.00",,"17418.85",EUR,"Cheque"," 3,000.00",EUR
"937223 - 24790085","31/12/2018","D/D Barna Recyclin","GTSSDDM183580MCG","","5.68",,"17413.17",EUR,"Direct Debit"," 5.68",EUR
"937223 - 24790085","31/12/2018","GOVSTMPDTY24790085","28@ 0.50 EACH","","14.00",,"17399.17",EUR,"Direct Debit"," 14.00",EUR
"937223 - 24790085","31/12/2018","VDC-APPLEGREEN GAL","*0773","","27.80",,"17371.37",EUR,"Debit"," 27.80",EUR
"937223 - 24790085","02/01/2019","PAUL WHITE PAYMENT","","",,"5,900.00","23271.37",EUR,"Credit"," 5,900.00",EUR
"937223 - 24790085","02/01/2019","*MOBI EXPENSES","","","750.00",,"22521.37",EUR,"Debit"," 750.00",EUR
"937223 - 24790085","02/01/2019","600165","","","240.00",,"22281.37",EUR,"Cheque"," 240.00",EUR
"937223 - 24790085","02/01/2019","600168","","","240.00",,"22041.37",EUR,"Cheque"," 240.00",EUR
"937223 - 24790085","03/01/2019","VDP-APPLUS CAR TES","*0773","","1,605.00",,"20436.37",EUR,"Debit"," 1,605.00",EUR
"937223 - 24790085","03/01/2019","VDP-EURO CAR PARTS","*0773","","70.00",,"20366.37",EUR,"Debit"," 70.00",EUR
"937223 - 24790085","03/01/2019","VDP-KEVIN BURKE TY","*0773","","40.00",,"20326.37",EUR,"Debit"," 40.00",EUR
"937223 - 24790085","04/01/2019","*INET CONNEELYM","","","450.00",,"19876.37",EUR,"Debit"," 450.00",EUR
"937223 - 24790085","04/01/2019","*INET O CONNOR B","","","500.00",,"19376.37",EUR,"Debit"," 500.00",EUR
"937223 - 24790085","04/01/2019","IE19010401504911","PYMT FEE O04","","22.50",,"19353.87",EUR,"Debit"," 22.50",EUR
"937223 - 24790085","04/01/2019","IE19010401504911","*INET DOC MTRS","","6,186.73",,"13167.14",EUR,"Debit"," 6,186.73",EUR
"937223 - 24790085","04/01/2019","VDC-CENTRA","*0773","","20.01",,"13147.13",EUR,"Debit"," 20.01",EUR
"937223 - 24790085","04/01/2019","VDC-CIRCLE K KILCO","*0773","","20.00",,"13127.13",EUR,"Debit"," 20.00",EUR
"937223 - 24790085","07/01/2019","VDP-EURO CAR PARTS","*0773","","17.22",,"13109.91",EUR,"Debit"," 17.22",EUR
"937223 - 24790085","07/01/2019","VDP-KEVIN BURKE TY","*0773","","60.00",,"13049.91",EUR,"Debit"," 60.00",EUR
"937223 - 24790085","07/01/2019","VDP-THREE IRELAND","*0773","","260.24",,"12789.67",EUR,"Debit"," 260.24",EUR
"937223 - 24790085","07/01/2019","600166","","","1,900.00",,"10889.67",EUR,"Cheque"," 1,900.00",EUR
"937223 - 24790085","07/01/2019","600167","","","2,000.00",,"8889.67",EUR,"Cheque"," 2,000.00",EUR
"937223 - 24790085","07/01/2019","VDC-APPLEGREEN GAL","*0773","","20.01",,"8869.66",EUR,"Debit"," 20.01",EUR
"937223 - 24790085","09/01/2019","VDP-Hynes Yard Car","*0773","","5.40",,"8864.26",EUR,"Debit"," 5.40",EUR
"937223 - 24790085","10/01/2019","VDP-CARTELL","*0773","","61.50",,"8802.76",EUR,"Debit"," 61.50",EUR
"937223 - 24790085","10/01/2019","VDP-CENTRA","*0773","","30.01",,"8772.75",EUR,"Debit"," 30.01",EUR
"937223 - 24790085","11/01/2019","*ATMLDG ENNIS    A","11-01-19 15:02","",,"100.00","8872.75",EUR,"Credit"," 100.00",EUR
"937223 - 24790085","11/01/2019","VDP-GALWAY MOTOR T","*0773","","228.00",,"8644.75",EUR,"Debit"," 228.00",EUR
"937223 - 24790085","11/01/2019","*INET CONNEELYM","","","450.79",,"8193.96",EUR,"Debit"," 450.79",EUR
"937223 - 24790085","11/01/2019","*INET OCONNORB","","","500.00",,"7693.96",EUR,"Debit"," 500.00",EUR
"937223 - 24790085","11/01/2019","IE19011104560151","PYMT FEE O04","","22.50",,"7671.46",EUR,"Debit"," 22.50",EUR
"937223 - 24790085","11/01/2019","IE19011104560151","*INET DOC MTRS","","1,121.70",,"6549.76",EUR,"Debit"," 1,121.70",EUR
"937223 - 24790085","14/01/2019","VDP-APPLUS CAR TES","*0773","","548.00",,"6001.76",EUR,"Debit"," 548.00",EUR
"937223 - 24790085","14/01/2019","VDP-ONLINE MOTOR T","*0773","","149.00",,"5852.76",EUR,"Debit"," 149.00",EUR
"937223 - 24790085","14/01/2019","600170","","","3,000.00",,"2852.76",EUR,"Cheque"," 3,000.00",EUR
"937223 - 24790085","14/01/2019","VDC-BYM ENTERPRISE","*0773","","15.00",,"2837.76",EUR,"Debit"," 15.00",EUR
"937223 - 24790085","14/01/2019","VDC-CENTRA","*0773","","24.55",,"2813.21",EUR,"Debit"," 24.55",EUR
"937223 - 24790085","14/01/2019","VDC-CIRCLE K KILCO","*0773","","14.42",,"2798.79",EUR,"Debit"," 14.42",EUR
"937223 - 24790085","14/01/2019","VDC-SIRIO TUAM ROA","*0773","","20.01",,"2778.78",EUR,"Debit"," 20.01",EUR
"937223 - 24790085","15/01/2019","VOLVO DEPOSIT","","",,"225.00","3003.78",EUR,"Credit"," 225.00",EUR
"937223 - 24790085","15/01/2019","VDP-EURO CAR PARTS","*0773","","36.67",,"2967.11",EUR,"Debit"," 36.67",EUR
"937223 - 24790085","15/01/2019","D/D Securecom","GTSSDDM190100QSQ","","34.05",,"2933.06",EUR,"Direct Debit"," 34.05",EUR
"937223 - 24790085","16/01/2019","LN KQ","","",,"2,000.00","4933.06",EUR,"Credit"," 2,000.00",EUR
"937223 - 24790085","16/01/2019","VDP-APPLUS CAR TES","*0773","","1,914.00",,"3019.06",EUR,"Debit"," 1,914.00",EUR
"937223 - 24790085","16/01/2019","VDP-CIRCLE K KILCO","*0773","","10.01",,"3009.05",EUR,"Debit"," 10.01",EUR
"937223 - 24790085","16/01/2019","D/D GC re Sage Ire","GTSSDDM1901422F2","","127.92",,"2881.13",EUR,"Direct Debit"," 127.92",EUR
"937223 - 24790085","16/01/2019","VDC-BYM ENTERPRISE","*0773","","15.00",,"2866.13",EUR,"Debit"," 15.00",EUR
"937223 - 24790085","17/01/2019","VOLVO V40 PAYMENT","","",,"1,900.00","4766.13",EUR,"Credit"," 1,900.00",EUR
"937223 - 24790085","17/01/2019","YJ14KWMV40","","",,"1,900.00","6666.13",EUR,"Credit"," 1,900.00",EUR
"937223 - 24790085","17/01/2019","VDP-EURO CAR PARTS","*0773","","56.10",,"6610.03",EUR,"Debit"," 56.10",EUR
"937223 - 24790085","17/01/2019","VDP-EURO CAR PARTS","*0773","","71.70",,"6538.33",EUR,"Debit"," 71.70",EUR
"937223 - 24790085","17/01/2019","D/D GC re Distille","GTSSDDM1901520P5","","258.30",,"6280.03",EUR,"Direct Debit"," 258.30",EUR
"937223 - 24790085","18/01/2019","*ATMLDG TUAM RD  B","141G5571","",,"8,400.00","14680.03",EUR,"Credit"," 8,400.00",EUR
"937223 - 24790085","18/01/2019","VDP-APPLUS CAR TES","*0773","","1,890.00",,"12790.03",EUR,"Debit"," 1,890.00",EUR
"937223 - 24790085","18/01/2019","VDP-BYM ENTERPRISE","*0773","","15.00",,"12775.03",EUR,"Debit"," 15.00",EUR
"937223 - 24790085","18/01/2019","VDP-CARTELL","*0773","","61.50",,"12713.53",EUR,"Debit"," 61.50",EUR
"937223 - 24790085","18/01/2019","*INET CONNEELYM","","","450.81",,"12262.72",EUR,"Debit"," 450.81",EUR
"937223 - 24790085","18/01/2019","*INET OCONNOR B","","","500.00",,"11762.72",EUR,"Debit"," 500.00",EUR
"937223 - 24790085","18/01/2019","*INET YJ14KWM(RT)","","","1,900.00",,"9862.72",EUR,"Debit"," 1,900.00",EUR
"937223 - 24790085","21/01/2019","*ATMLDG ORANMORE B","P ROCK","",,"3,100.00","12962.72",EUR,"Credit"," 3,100.00",EUR
"937223 - 24790085","21/01/2019","FORD FOCUS","","",,"1,000.00","13962.72",EUR,"Credit"," 1,000.00",EUR
"937223 - 24790085","21/01/2019","VDP-GALWAY MOTOR T","*0773","","333.00",,"13629.72",EUR,"Debit"," 333.00",EUR
"937223 - 24790085","21/01/2019","IE19012108386680","PYMT FEE O04","","22.50",,"13607.22",EUR,"Debit"," 22.50",EUR
"937223 - 24790085","21/01/2019","IE19012108386680","*INET DOC MTRS","","8,029.36",,"5577.86",EUR,"Debit"," 8,029.36",EUR
"937223 - 24790085","21/01/2019","600171","","","488.22",,"5089.64",EUR,"Cheque"," 488.22",EUR
"937223 - 24790085","22/01/2019","SHANE","","",,"3,200.00","8289.64",EUR,"Credit"," 3,200.00",EUR
"937223 - 24790085","22/01/2019","VDP-EURO CAR PARTS","*0773","","66.19",,"8223.45",EUR,"Debit"," 66.19",EUR
"937223 - 24790085","22/01/2019","VDP-EURO CAR PARTS","*0773","","91.38",,"8132.07",EUR,"Debit"," 91.38",EUR
"937223 - 24790085","23/01/2019","VDP-APPLUS CAR TES","*0773","","200.00",,"7932.07",EUR,"Debit"," 200.00",EUR
"937223 - 24790085","23/01/2019","VDP-APPLUS CAR TES","*0773","","2,040.00",,"5892.07",EUR,"Debit"," 2,040.00",EUR
"937223 - 24790085","23/01/2019","IE19012309236250","PYMT FEE O04","","22.50",,"5869.57",EUR,"Debit"," 22.50",EUR
"937223 - 24790085","23/01/2019","IE19012309236250","*INET DOC MTRS","","2,313.74",,"3555.83",EUR,"Debit"," 2,313.74",EUR
"937223 - 24790085","23/01/2019","600173","","","2,200.00",,"1355.83",EUR,"Cheque"," 2,200.00",EUR
"937223 - 24790085","23/01/2019","VDC-BYM ENTERPRISE","*0773","","30.00",,"1325.83",EUR,"Debit"," 30.00",EUR
"937223 - 24790085","24/01/2019","*ATMLDG ORANMORE A","777","",,"9,200.00","10525.83",EUR,"Credit"," 9,200.00",EUR
"937223 - 24790085","24/01/2019","VDP-KEVIN BURKE TY","*0773","","60.00",,"10465.83",EUR,"Debit"," 60.00",EUR
"937223 - 24790085","24/01/2019","VDP-KEVIN BURKE TY","*0773","","120.00",,"10345.83",EUR,"Debit"," 120.00",EUR
"937223 - 24790085","24/01/2019","STAMP DUTY 0773","","","0.24",,"10345.59",EUR,"Debit"," 0.24",EUR
"937223 - 24790085","25/01/2019","BOCONNOR","","",,"250.00","10595.59",EUR,"Credit"," 250.00",EUR
"937223 - 24790085","25/01/2019","VDP-EFLOW.IE","*0773","","18.30",,"10577.29",EUR,"Debit"," 18.30",EUR
"937223 - 24790085","25/01/2019","VDP-EURO CAR PARTS","*0773","","65.07",,"10512.22",EUR,"Debit"," 65.07",EUR
"937223 - 24790085","25/01/2019","VDP-EURO CAR PARTS","*0773","","87.08",,"10425.14",EUR,"Debit"," 87.08",EUR
"937223 - 24790085","25/01/2019","*INET C GALLIGAN","","","500.00",,"9925.14",EUR,"Debit"," 500.00",EUR
"937223 - 24790085","25/01/2019","*INET CONNEELYM","","","450.80",,"9474.34",EUR,"Debit"," 450.80",EUR
"937223 - 24790085","25/01/2019","*INET OCONNORB","","","500.00",,"8974.34",EUR,"Debit"," 500.00",EUR
"937223 - 24790085","25/01/2019","IE19012511114373","PYMT FEE O04","","22.50",,"8951.84",EUR,"Debit"," 22.50",EUR
"937223 - 24790085","25/01/2019","IE19012511114373","*INET DOC MTRS","","5,576.43",,"3375.41",EUR,"Debit"," 5,576.43",EUR
"937223 - 24790085","25/01/2019","D/D Cars Ireland","GTSSDDM190230WR5","","158.67",,"3216.74",EUR,"Direct Debit"," 158.67",EUR
"937223 - 24790085","28/01/2019","VDP-CIRCLE K KILCO","*0773","","65.92",,"3150.82",EUR,"Debit"," 65.92",EUR
"937223 - 24790085","28/01/2019","VDP-KEVIN BURKE TY","*0773","","159.37",,"2991.45",EUR,"Debit"," 159.37",EUR
"937223 - 24790085","29/01/2019","IE19012912526230","PYMT FEE O04","","22.50",,"2968.95",EUR,"Debit"," 22.50",EUR
"937223 - 24790085","29/01/2019","IE19012912526230","*INET MFZ6590 PPAY","","1,165.91",,"1803.04",EUR,"Debit"," 1,165.91",EUR
"937223 - 24790085","29/01/2019","600172","","","184.50",,"1618.54",EUR,"Cheque"," 184.50",EUR
"937223 - 24790085","29/01/2019","600175","","","700.00",,"918.54",EUR,"Cheque"," 700.00",EUR
"937223 - 24790085","30/01/2019","VDP-EURO CAR PARTS","*0773","","68.88",,"849.66",EUR,"Debit"," 68.88",EUR
"937223 - 24790085","31/01/2019","VDP-EURO CAR PARTS","*0773","",,"21.66","871.32",EUR,"Credit"," 21.66",EUR
"937223 - 24790085","31/01/2019","D/D Barna Recyclin","GTSSDDM190281K1R","","5.68",,"865.64",EUR,"Direct Debit"," 5.68",EUR
"937223 - 24790085","01/02/2019","LN KQ","","",,"2,000.00","2865.64",EUR,"Credit"," 2,000.00",EUR
"937223 - 24790085","01/02/2019","VDP-EURO CAR PARTS","*0773","","23.22",,"2842.42",EUR,"Debit"," 23.22",EUR
"937223 - 24790085","01/02/2019","*INET CONNEELYM","","","450.80",,"2391.62",EUR,"Debit"," 450.80",EUR
"937223 - 24790085","01/02/2019","*INET OCONNOR B","","","500.00",,"1891.62",EUR,"Debit"," 500.00",EUR
"937223 - 24790085","01/02/2019","D/D ELECTRIC IRELA","GTSSDDP190283FD8","","1,157.02",,"734.60",EUR,"Direct Debit"," 1,157.02",EUR
"937223 - 24790085","04/02/2019","VDP-PAYPAL *CARPAR","*0773","","126.35",,"608.25",EUR,"Debit"," 126.35",EUR
"937223 - 24790085","04/02/2019","VDP-WISH.COM","*0773","","22.00",,"586.25",EUR,"Debit"," 22.00",EUR
"937223 - 24790085","05/02/2019","LN","","",,"750.00","1336.25",EUR,"Credit"," 750.00",EUR
"937223 - 24790085","05/02/2019","VDP-EURO CAR PARTS","*0773","","166.99",,"1169.26",EUR,"Debit"," 166.99",EUR
"937223 - 24790085","06/02/2019","VDP-EURO CAR PARTS","*0773","","59.25",,"1110.01",EUR,"Debit"," 59.25",EUR
"937223 - 24790085","06/02/2019","VDP-KEVIN BURKE TY","*0773","","235.00",,"875.01",EUR,"Debit"," 235.00",EUR
"937223 - 24790085","06/02/2019","VDP-THREE IRELAND","*0773","","246.84",,"628.17",EUR,"Debit"," 246.84",EUR
"937223 - 24790085","07/02/2019","LN","","",,"500.00","1128.17",EUR,"Credit"," 500.00",EUR
"937223 - 24790085","07/02/2019","VDP-EURO CAR PARTS","*0773","","49.32",,"1078.85",EUR,"Debit"," 49.32",EUR
"937223 - 24790085","07/02/2019","600178","","","180.00",,"898.85",EUR,"Cheque"," 180.00",EUR
"937223 - 24790085","08/02/2019","VDP-EURO CAR PARTS","*0773","","9.99",,"888.86",EUR,"Debit"," 9.99",EUR
"937223 - 24790085","08/02/2019","*INET CONNEELY M","","","450.80",,"438.06",EUR,"Debit"," 450.80",EUR
"937223 - 24790085","08/02/2019","600176","","","237.50",,"200.56",EUR,"Cheque"," 237.50",EUR
"937223 - 24790085","11/02/2019","LN DOC","","",,"2,000.00","2200.56",EUR,"Credit"," 2,000.00",EUR
"937223 - 24790085","11/02/2019","LN KQ","","",,"2,000.00","4200.56",EUR,"Credit"," 2,000.00",EUR
"937223 - 24790085","11/02/2019","VDP-EURO CAR PARTS","*0773","","48.60",,"4151.96",EUR,"Debit"," 48.60",EUR
"937223 - 24790085","11/02/2019","VDP-KEVIN BURKE TY","*0773","","70.00",,"4081.96",EUR,"Debit"," 70.00",EUR
"937223 - 24790085","11/02/2019","IE19021119149953","PYMT FEE O04","","22.50",,"4059.46",EUR,"Debit"," 22.50",EUR
"937223 - 24790085","11/02/2019","IE19021119149953","*INET DOCONNOR MTR","","1,158.35",,"2901.11",EUR,"Debit"," 1,158.35",EUR
"937223 - 24790085","12/02/2019","VDP-COMPANIES REGI","*0773","","463.00",,"2438.11",EUR,"Debit"," 463.00",EUR
"937223 - 24790085","12/02/2019","VDP-MONAGHAN & SON","*0773","","36.60",,"2401.51",EUR,"Debit"," 36.60",EUR
"937223 - 24790085","12/02/2019","VDC-SIRIO TUAM ROA","*0773","","25.00",,"2376.51",EUR,"Debit"," 25.00",EUR
"937223 - 24790085","13/02/2019","V2G1917C4","","",,"8,500.00","10876.51",EUR,"Credit"," 8,500.00",EUR
"937223 - 24790085","13/02/2019","VDP-APPLUS CAR TES","*0773","","1,876.00",,"9000.51",EUR,"Debit"," 1,876.00",EUR
"937223 - 24790085","13/02/2019","*INET LN DOC BACK","","","2,000.00",,"7000.51",EUR,"Debit"," 2,000.00",EUR
"937223 - 24790085","13/02/2019","VDC-EURO CAR PARTS","*0773","","17.22",,"6983.29",EUR,"Debit"," 17.22",EUR
"937223 - 24790085","14/02/2019","VDP-SHEILS MOTORPA","*0773","","121.40",,"6861.89",EUR,"Debit"," 121.40",EUR
"937223 - 24790085","14/02/2019","*INET OCONNORB","","","500.00",,"6361.89",EUR,"Debit"," 500.00",EUR
"937223 - 24790085","14/02/2019","IE19021420846792","PYMT FEE O04","","22.50",,"6339.39",EUR,"Debit"," 22.50",EUR
"937223 - 24790085","14/02/2019","IE19021420846792","*INET DOC MTRS","","2,312.67",,"4026.72",EUR,"Debit"," 2,312.67",EUR
"937223 - 24790085","14/02/2019","600174","","","117.00",,"3909.72",EUR,"Cheque"," 117.00",EUR
"937223 - 24790085","14/02/2019","VDC-CIRCLE K KILCO","*0773","","20.03",,"3889.69",EUR,"Debit"," 20.03",EUR
"937223 - 24790085","15/02/2019","VDP-CIRCLE K KILCO","*0773","","32.70",,"3856.99",EUR,"Debit"," 32.70",EUR
"937223 - 24790085","15/02/2019","VDP-Sean Cleary &","*0773","","231.26",,"3625.73",EUR,"Debit"," 231.26",EUR
"937223 - 24790085","15/02/2019","*INET BESPOKE MAN","","","600.00",,"3025.73",EUR,"Debit"," 600.00",EUR
"937223 - 24790085","15/02/2019","*INET CONNEELY M","","","450.81",,"2574.92",EUR,"Debit"," 450.81",EUR
"937223 - 24790085","15/02/2019","600180","","","330.00",,"2244.92",EUR,"Cheque"," 330.00",EUR
"937223 - 24790085","15/02/2019","600182","","","105.00",,"2139.92",EUR,"Cheque"," 105.00",EUR
"937223 - 24790085","15/02/2019","D/D Securecom","GTSSDDM190430M45","","34.05",,"2105.87",EUR,"Direct Debit"," 34.05",EUR
"937223 - 24790085","15/02/2019","VDC-INVER ENERGY L","*0773","","20.00",,"2085.87",EUR,"Debit"," 20.00",EUR
"937223 - 24790085","18/02/2019","VDP-EURO CAR PARTS","*0773","",,"38.27","2124.14",EUR,"Credit"," 38.27",EUR
"937223 - 24790085","18/02/2019","VDP-BALLINSLOE SER","*0773","","25.03",,"2099.11",EUR,"Debit"," 25.03",EUR
"937223 - 24790085","18/02/2019","VDP-EURO CAR PARTS","*0773","","50.04",,"2049.07",EUR,"Debit"," 50.04",EUR
"937223 - 24790085","18/02/2019","VDP-EURO CAR PARTS","*0773","","182.65",,"1866.42",EUR,"Debit"," 182.65",EUR
"937223 - 24790085","18/02/2019","VDP-Hynes Yard Car","*0773","","5.40",,"1861.02",EUR,"Debit"," 5.40",EUR
"937223 - 24790085","18/02/2019","VDP-PGT MARKETING","*0773","92.97USD@1.123233","84.21",,"1776.81",EUR,"Debit"," 84.21",EUR
"937223 - 24790085","18/02/2019","VDP-SWEENEY OIL OR","*0773","","40.00",,"1736.81",EUR,"Debit"," 40.00",EUR
"937223 - 24790085","18/02/2019","D/D GC re Sage Ire","GTSSDDM1904524DK","","127.92",,"1608.89",EUR,"Direct Debit"," 127.92",EUR
"937223 - 24790085","19/02/2019","*ATMLDG ORANMORE B","FOCUS VAN","",,"430.00","2038.89",EUR,"Credit"," 430.00",EUR
"937223 - 24790085","19/02/2019","*ATMLDG ORANMORE B","FOCUS VAN","",,"1,800.00","3838.89",EUR,"Credit"," 1,800.00",EUR
"937223 - 24790085","19/02/2019","VRT FA6","","",,"3,970.00","7808.89",EUR,"Credit"," 3,970.00",EUR
"937223 - 24790085","19/02/2019","FFY VED-244","IE19021922559030","",,"9,370.00","17178.89",EUR,"Credit"," 9,370.00",EUR
"937223 - 24790085","19/02/2019","141C4266","IE19021922890720","",,"3,200.00","20378.89",EUR,"Credit"," 3,200.00",EUR
"937223 - 24790085","19/02/2019","VDP-CARTELL","*0773","","61.50",,"20317.39",EUR,"Debit"," 61.50",EUR
"937223 - 24790085","19/02/2019","VDP-KEVIN BURKE TY","*0773","","190.00",,"20127.39",EUR,"Debit"," 190.00",EUR
"937223 - 24790085","19/02/2019","IE19021922798730","PYMT FEE O04","","22.50",,"20104.89",EUR,"Debit"," 22.50",EUR
"937223 - 24790085","19/02/2019","IE19021922798730","*INET DOC MTRS","","7,762.72",,"12342.17",EUR,"Debit"," 7,762.72",EUR
"937223 - 24790085","19/02/2019","600185","","","4,500.00",,"7842.17",EUR,"Cheque"," 4,500.00",EUR
"937223 - 24790085","20/02/2019","VDP-SHEILS MOTORPA","*0773","","49.63",,"7792.54",EUR,"Debit"," 49.63",EUR
"937223 - 24790085","21/02/2019","08 D 7686","","",,"4,000.00","11792.54",EUR,"Credit"," 4,000.00",EUR
"937223 - 24790085","21/02/2019","VDP-EURO CAR PARTS","*0773","","149.34",,"11643.20",EUR,"Debit"," 149.34",EUR
"937223 - 24790085","21/02/2019","VDP-KEVIN BURKE TY","*0773","","320.00",,"11323.20",EUR,"Debit"," 320.00",EUR
"937223 - 24790085","21/02/2019","VDP-PAUL LANCASTER","*0773","","3,800.00",,"7523.20",EUR,"Debit"," 3,800.00",EUR
"937223 - 24790085","21/02/2019","IE19022124197507","PYMT FEE O04","","22.50",,"7500.70",EUR,"Debit"," 22.50",EUR
"937223 - 24790085","21/02/2019","IE19022124197507","*INET DOCONNOR MTR","","2,331.55",,"5169.15",EUR,"Debit"," 2,331.55",EUR
"937223 - 24790085","22/02/2019","131G4981","","",,"4,000.00","9169.15",EUR,"Credit"," 4,000.00",EUR
"937223 - 24790085","22/02/2019","VDP-APPLUS CAR TES","*0773","","4,114.00",,"5055.15",EUR,"Debit"," 4,114.00",EUR
"937223 - 24790085","22/02/2019","VDP-EURO CAR PARTS","*0773","","17.22",,"5037.93",EUR,"Debit"," 17.22",EUR
"937223 - 24790085","22/02/2019","*INET CONNEELY M","","","450.80",,"4587.13",EUR,"Debit"," 450.80",EUR
"937223 - 24790085","22/02/2019","*INET OCONNORB","","","500.00",,"4087.13",EUR,"Debit"," 500.00",EUR
"937223 - 24790085","22/02/2019","D/D Cars Ireland","GTSSDDM190511HEU","","158.67",,"3928.46",EUR,"Direct Debit"," 158.67",EUR
"937223 - 24790085","25/02/2019","VDP-EURO CAR PARTS","*0773","",,"54.84","3983.30",EUR,"Credit"," 54.84",EUR
"937223 - 24790085","25/02/2019","VDP-EURO CAR PARTS","*0773","","433.88",,"3549.42",EUR,"Debit"," 433.88",EUR
"937223 - 24790085","26/02/2019","VDP-SRAGH DISMANTL","*0773","","115.00",,"3434.42",EUR,"Debit"," 115.00",EUR
"937223 - 24790085","26/02/2019","600179","","","89.09",,"3345.33",EUR,"Cheque"," 89.09",EUR
"937223 - 24790085","27/02/2019","LNDOC","","",,"3,000.00","6345.33",EUR,"Credit"," 3,000.00",EUR
"937223 - 24790085","27/02/2019","VDP-APPLUS CAR TES","*0773","","424.00",,"5921.33",EUR,"Debit"," 424.00",EUR
"937223 - 24790085","27/02/2019","VDP-EURO CAR PARTS","*0773","","17.22",,"5904.11",EUR,"Debit"," 17.22",EUR
"937223 - 24790085","27/02/2019","VDP-EURO CAR PARTS","*0773","","29.01",,"5875.10",EUR,"Debit"," 29.01",EUR
"937223 - 24790085","27/02/2019","VDP-KEVIN BURKE TY","*0773","","80.00",,"5795.10",EUR,"Debit"," 80.00",EUR
"937223 - 24790085","27/02/2019","IE19022726940555","PYMT FEE O04","","22.50",,"5772.60",EUR,"Debit"," 22.50",EUR
"937223 - 24790085","27/02/2019","IE19022726940555","*INET HTIMES","","3,545.68",,"2226.92",EUR,"Debit"," 3,545.68",EUR
"937223 - 24790085","28/02/2019","JAMES MALONE","","",,"500.00","2726.92",EUR,"Credit"," 500.00",EUR
"937223 - 24790085","28/02/2019","VDP-ADVANCE PITSTO","*0773","","100.00",,"2626.92",EUR,"Debit"," 100.00",EUR
"937223 - 24790085","28/02/2019","VDP-APPLUS CAR TES","*0773","","55.00",,"2571.92",EUR,"Debit"," 55.00",EUR
"937223 - 24790085","28/02/2019","VDP-APPLUS CAR TES","*0773","","971.00",,"1600.92",EUR,"Debit"," 971.00",EUR
"937223 - 24790085","28/02/2019","VDP-EURO CAR PARTS","*0773","","17.22",,"1583.70",EUR,"Debit"," 17.22",EUR
"937223 - 24790085","28/02/2019","D/D Barna Recyclin","GTSSDDM190562IC8","","5.68",,"1578.02",EUR,"Direct Debit"," 5.68",EUR
"937223 - 24790085","01/03/2019","VDP-EURO CAR PARTS","*0773","",,"390.78","1968.80",EUR,"Credit"," 390.78",EUR
"937223 - 24790085","01/03/2019","*ATMLDG ORANMORE A","10G20785","",,"4,950.00","6918.80",EUR,"Credit"," 4,950.00",EUR
"937223 - 24790085","01/03/2019","*INET BO CONNOR","","","500.00",,"6418.80",EUR,"Debit"," 500.00",EUR
"937223 - 24790085","01/03/2019","*INET CONNEELY M","","","450.80",,"5968.00",EUR,"Debit"," 450.80",EUR
"937223 - 24790085","01/03/2019","IE19030129083778","PYMT FEE O04","","22.50",,"5945.50",EUR,"Debit"," 22.50",EUR
"937223 - 24790085","01/03/2019","IE19030129083778","*INET DOC MTRS","","3,546.10",,"2399.40",EUR,"Debit"," 3,546.10",EUR
"937223 - 24790085","04/03/2019","*ATMLDG ORANMORE A","131GFOCUS","",,"8,000.00","10399.40",EUR,"Credit"," 8,000.00",EUR
"937223 - 24790085","04/03/2019","VDP-CARTELL","*0773","","61.50",,"10337.90",EUR,"Debit"," 61.50",EUR
"937223 - 24790085","04/03/2019","VDP-KEVIN BURKE TY","*0773","","60.00",,"10277.90",EUR,"Debit"," 60.00",EUR
"937223 - 24790085","04/03/2019","VDP-PAYPAL *BURROW","*0773","","17.56",,"10260.34",EUR,"Debit"," 17.56",EUR
"937223 - 24790085","04/03/2019","VDP-PAYPAL *BURROW","*0773","","52.68",,"10207.66",EUR,"Debit"," 52.68",EUR
"937223 - 24790085","04/03/2019","600181","","","210.00",,"9997.66",EUR,"Cheque"," 210.00",EUR
"937223 - 24790085","04/03/2019","600184","","","100.00",,"9897.66",EUR,"Cheque"," 100.00",EUR
"937223 - 24790085","04/03/2019","VDC-STATOIL","*0773","","20.00",,"9877.66",EUR,"Debit"," 20.00",EUR
"937223 - 24790085","05/03/2019","VDP-CIRCLE K KILCO","*0773","","30.01",,"9847.65",EUR,"Debit"," 30.01",EUR
"937223 - 24790085","05/03/2019","VDP-EURO CAR PARTS","*0773","","17.22",,"9830.43",EUR,"Debit"," 17.22",EUR
"937223 - 24790085","05/03/2019","VDP-N6 CONCESSION","*0773","","1.90",,"9828.53",EUR,"Debit"," 1.90",EUR
"937223 - 24790085","05/03/2019","VDP-N6 CONCESSION","*0773","","1.90",,"9826.63",EUR,"Debit"," 1.90",EUR
"937223 - 24790085","05/03/2019","*INET ACOSTIGAN","","","5,200.00",,"4626.63",EUR,"Debit"," 5,200.00",EUR
"937223 - 24790085","06/03/2019","VDP-APPLUS CAR TES","*0773","","28.00",,"4598.63",EUR,"Debit"," 28.00",EUR
"937223 - 24790085","06/03/2019","VDP-APPLUS CAR TES","*0773","","1,826.00",,"2772.63",EUR,"Debit"," 1,826.00",EUR
"937223 - 24790085","06/03/2019","VDP-CENTRA","*0773","","10.01",,"2762.62",EUR,"Debit"," 10.01",EUR
"937223 - 24790085","06/03/2019","VDP-EURO CAR PARTS","*0773","","17.22",,"2745.40",EUR,"Debit"," 17.22",EUR
"937223 - 24790085","06/03/2019","600183","","","30.58",,"2714.82",EUR,"Cheque"," 30.58",EUR
"937223 - 24790085","06/03/2019","600186","","","58.51",,"2656.31",EUR,"Cheque"," 58.51",EUR
"937223 - 24790085","08/03/2019","DH WESTLINK","","",,"9,650.00","12306.31",EUR,"Credit"," 9,650.00",EUR
"937223 - 24790085","08/03/2019","*INET CONNEELY M","","","450.80",,"11855.51",EUR,"Debit"," 450.80",EUR
"937223 - 24790085","08/03/2019","*INET CONNOR B","","","500.00",,"11355.51",EUR,"Debit"," 500.00",EUR
"937223 - 24790085","11/03/2019","VDP-APPLUS CAR TES","*0773","","55.00",,"11300.51",EUR,"Debit"," 55.00",EUR
"937223 - 24790085","11/03/2019","VDP-APPLUS CAR TES","*0773","","1,961.00",,"9339.51",EUR,"Debit"," 1,961.00",EUR
"937223 - 24790085","11/03/2019","VDP-EURO CAR PARTS","*0773","","17.22",,"9322.29",EUR,"Debit"," 17.22",EUR
"937223 - 24790085","11/03/2019","VDP-EURO CAR PARTS","*0773","","61.43",,"9260.86",EUR,"Debit"," 61.43",EUR
"937223 - 24790085","11/03/2019","VDP-EURO CAR PARTS","*0773","","200.00",,"9060.86",EUR,"Debit"," 200.00",EUR
"937223 - 24790085","11/03/2019","VDP-HOME STORE & M","*0773","","80.88",,"8979.98",EUR,"Debit"," 80.88",EUR
"937223 - 24790085","11/03/2019","VDP-SIRIO TUAM ROA","*0773","","25.05",,"8954.93",EUR,"Debit"," 25.05",EUR
"937223 - 24790085","11/03/2019","VDP-STATOIL LOUGHN","*0773","","27.99",,"8926.94",EUR,"Debit"," 27.99",EUR
"937223 - 24790085","11/03/2019","VDP-SWEENEY OIL OR","*0773","","15.00",,"8911.94",EUR,"Debit"," 15.00",EUR
"937223 - 24790085","11/03/2019","IE19031133448214","PYMT FEE O04","","22.50",,"8889.44",EUR,"Debit"," 22.50",EUR
"937223 - 24790085","11/03/2019","IE19031133448214","*INET DOC MTRS","","3,048.07",,"5841.37",EUR,"Debit"," 3,048.07",EUR
"937223 - 24790085","11/03/2019","VDC-SUPERVALU FLYN","*0773","","5.00",,"5836.37",EUR,"Debit"," 5.00",EUR
"937223 - 24790085","11/03/2019","VDC-SUPERVALU FLYN","*0773","","23.99",,"5812.38",EUR,"Debit"," 23.99",EUR
"937223 - 24790085","12/03/2019","VDP-SWEENEY OIL","*0773","","789.01",,"5023.37",EUR,"Debit"," 789.01",EUR
"937223 - 24790085","12/03/2019","IE19031233941730","PYMT FEE O04","","22.50",,"5000.87",EUR,"Debit"," 22.50",EUR
"937223 - 24790085","12/03/2019","IE19031233941730","*INET DOC MTRS","","1,547.43",,"3453.44",EUR,"Debit"," 1,547.43",EUR
"937223 - 24790085","13/03/2019","*ATMLDG ORANMORE A","141C4266","",,"1,800.00","5253.44",EUR,"Credit"," 1,800.00",EUR
"937223 - 24790085","13/03/2019","10G20796","","",,"4,600.00","9853.44",EUR,"Credit"," 4,600.00",EUR
"937223 - 24790085","13/03/2019","VDP-APPLUS CAR TES","*0773","","908.00",,"8945.44",EUR,"Debit"," 908.00",EUR
"937223 - 24790085","13/03/2019","VDP-EURO CAR PARTS","*0773","","17.22",,"8928.22",EUR,"Debit"," 17.22",EUR
"937223 - 24790085","13/03/2019","VDP-EURO CAR PARTS","*0773","","41.31",,"8886.91",EUR,"Debit"," 41.31",EUR
"937223 - 24790085","13/03/2019","IE19031334435260","PYMT FEE O04","","22.50",,"8864.41",EUR,"Debit"," 22.50",EUR
"937223 - 24790085","13/03/2019","IE19031334435260","*INET DOC MTRS","","6,951.81",,"1912.60",EUR,"Debit"," 6,951.81",EUR
"937223 - 24790085","14/03/2019","*ATMLDG ORANMORE B","06G17757","",,"2,600.00","4512.60",EUR,"Credit"," 2,600.00",EUR
"937223 - 24790085","14/03/2019","DH WESTLINK","","",,"8,800.00","13312.60",EUR,"Credit"," 8,800.00",EUR
"937223 - 24790085","14/03/2019","VDP-APPLUS CAR TES","*0773","","1,260.00",,"12052.60",EUR,"Debit"," 1,260.00",EUR
"937223 - 24790085","14/03/2019","VDP-EURO CAR PARTS","*0773","","17.22",,"12035.38",EUR,"Debit"," 17.22",EUR
"937223 - 24790085","14/03/2019","VDP-EURO CAR PARTS","*0773","","51.17",,"11984.21",EUR,"Debit"," 51.17",EUR
"937223 - 24790085","14/03/2019","VDP-KEVIN BURKE TY","*0773","","98.00",,"11886.21",EUR,"Debit"," 98.00",EUR
"937223 - 24790085","14/03/2019","VDP-KEVIN BURKE TY","*0773","","139.97",,"11746.24",EUR,"Debit"," 139.97",EUR
"937223 - 24790085","15/03/2019","12G7853","","",,"6,700.00","18446.24",EUR,"Credit"," 6,700.00",EUR
"937223 - 24790085","15/03/2019","141 PASSAT DEPOSIT","","",,"100.00","18546.24",EUR,"Credit"," 100.00",EUR
"937223 - 24790085","15/03/2019","VDP-APPLUS CAR TES","*0773","","1,229.00",,"17317.24",EUR,"Debit"," 1,229.00",EUR
"937223 - 24790085","15/03/2019","VDP-CEDARGLADE LIM","*0773","","54.60",,"17262.64",EUR,"Debit"," 54.60",EUR
"937223 - 24790085","15/03/2019","VDP-EURO CAR PARTS","*0773","","26.03",,"17236.61",EUR,"Debit"," 26.03",EUR
"937223 - 24790085","15/03/2019","VDP-EURO CAR PARTS","*0773","","72.51",,"17164.10",EUR,"Debit"," 72.51",EUR
"937223 - 24790085","15/03/2019","VDP-EURO CAR PARTS","*0773","","257.10",,"16907.00",EUR,"Debit"," 257.10",EUR
"937223 - 24790085","15/03/2019","*INET CONNEELYM","","","450.80",,"16456.20",EUR,"Debit"," 450.80",EUR
"937223 - 24790085","15/03/2019","*INET OCONNOR B","","","500.00",,"15956.20",EUR,"Debit"," 500.00",EUR
"937223 - 24790085","15/03/2019","IE19031536059309","PYMT FEE O04","","22.50",,"15933.70",EUR,"Debit"," 22.50",EUR
"937223 - 24790085","15/03/2019","IE19031536059309","*INET DOC MTRS","","4,749.47",,"11184.23",EUR,"Debit"," 4,749.47",EUR
"937223 - 24790085","15/03/2019","D/D GC re Distille","GTSSDDM1907245B5","","304.43",,"10879.80",EUR,"Direct Debit"," 304.43",EUR
"937223 - 24790085","15/03/2019","D/D Securecom","GTSSDDM190710ZIE","","34.05",,"10845.75",EUR,"Direct Debit"," 34.05",EUR
"937223 - 24790085","19/03/2019","*ATMLDG ORANMORE A","10G20801","",,"4,250.00","15095.75",EUR,"Credit"," 4,250.00",EUR
"937223 - 24790085","19/03/2019","VDP-CENTRA","*0773","","50.00",,"15045.75",EUR,"Debit"," 50.00",EUR
"937223 - 24790085","19/03/2019","VDP-EURO CAR PARTS","*0773","","21.66",,"15024.09",EUR,"Debit"," 21.66",EUR
"937223 - 24790085","19/03/2019","VDP-EURO CAR PARTS","*0773","","24.01",,"15000.08",EUR,"Debit"," 24.01",EUR
"937223 - 24790085","19/03/2019","VDP-GALWAY MOTOR T","*0773","","161.00",,"14839.08",EUR,"Debit"," 161.00",EUR
"937223 - 24790085","19/03/2019","VDP-HOME STORE & M","*0773","","92.90",,"14746.18",EUR,"Debit"," 92.90",EUR
"937223 - 24790085","19/03/2019","VDP-KILTULLAGH PLA","*0773","","30.07",,"14716.11",EUR,"Debit"," 30.07",EUR
"937223 - 24790085","19/03/2019","VDP-N6 CONCESSION","*0773","","3.40",,"14712.71",EUR,"Debit"," 3.40",EUR
"937223 - 24790085","19/03/2019","VDP-N6 CONCESSION","*0773","","3.40",,"14709.31",EUR,"Debit"," 3.40",EUR
"937223 - 24790085","19/03/2019","VDP-PAYPAL *LOCOSE","*0773","","15.24",,"14694.07",EUR,"Debit"," 15.24",EUR
"937223 - 24790085","19/03/2019","VDP-RADISSON BLU H","*0773","","275.00",,"14419.07",EUR,"Debit"," 275.00",EUR
"937223 - 24790085","19/03/2019","VDP-THREE IRELAND","*0773","","276.41",,"14142.66",EUR,"Debit"," 276.41",EUR
"937223 - 24790085","19/03/2019","IE19031936908672","PYMT FEE O04","","22.50",,"14120.16",EUR,"Debit"," 22.50",EUR
"937223 - 24790085","19/03/2019","IE19031936908672","*INET DOC MTRS","","5,749.85",,"8370.31",EUR,"Debit"," 5,749.85",EUR
"937223 - 24790085","19/03/2019","D/D GC re Sage Ire","GTSSDDM190732YRA","","127.92",,"8242.39",EUR,"Direct Debit"," 127.92",EUR
"937223 - 24790085","19/03/2019","VDC-SWEENEY OIL OR","*0773","","20.01",,"8222.38",EUR,"Debit"," 20.01",EUR
"937223 - 24790085","20/03/2019","*ATMLDG ORANMORE B","PAUL WHITE","",,"3,000.00","11222.38",EUR,"Credit"," 3,000.00",EUR
"937223 - 24790085","20/03/2019","DH WESTLINK","","",,"6,000.00","17222.38",EUR,"Credit"," 6,000.00",EUR
"937223 - 24790085","20/03/2019","141G5694","","",,"9,400.00","26622.38",EUR,"Credit"," 9,400.00",EUR
"937223 - 24790085","20/03/2019","VAN DEPOSIT","IE19032037296602","",,"500.00","27122.38",EUR,"Credit"," 500.00",EUR
"937223 - 24790085","20/03/2019","VDP-APPLUS CAR TES","*0773","","1,877.00",,"25245.38",EUR,"Debit"," 1,877.00",EUR
"937223 - 24790085","20/03/2019","VDP-EURO CAR PARTS","*0773","","50.78",,"25194.60",EUR,"Debit"," 50.78",EUR
"937223 - 24790085","20/03/2019","IE19032037513611","PYMT FEE O04","","22.50",,"25172.10",EUR,"Debit"," 22.50",EUR
"937223 - 24790085","20/03/2019","IE19032037513611","*INET DOC MTRS","","6,510.42",,"18661.68",EUR,"Debit"," 6,510.42",EUR
"937223 - 24790085","20/03/2019","IE19032037635293","PYMT FEE O04","","22.50",,"18639.18",EUR,"Debit"," 22.50",EUR
"937223 - 24790085","20/03/2019","IE19032037635293","*INET DOC MTRS","","11,008.52",,"7630.66",EUR,"Debit"," 11,008.52",EUR
"937223 - 24790085","20/03/2019","600189","","","100.00",,"7530.66",EUR,"Cheque"," 100.00",EUR
"937223 - 24790085","21/03/2019","VDP-APPLUS CAR TES","*0773","","200.00",,"7330.66",EUR,"Debit"," 200.00",EUR
"937223 - 24790085","21/03/2019","VDP-CARTELL","*0773","","61.50",,"7269.16",EUR,"Debit"," 61.50",EUR
"937223 - 24790085","22/03/2019","VDP-APPLUS CAR TES","*0773","","200.00",,"7069.16",EUR,"Debit"," 200.00",EUR
"937223 - 24790085","22/03/2019","VDP-Doherty Transi","*0773","","130.00",,"6939.16",EUR,"Debit"," 130.00",EUR
"937223 - 24790085","22/03/2019","VDP-EURO CAR PARTS","*0773","","56.10",,"6883.06",EUR,"Debit"," 56.10",EUR
"937223 - 24790085","22/03/2019","*INET MICHELLE CON","","","450.80",,"6432.26",EUR,"Debit"," 450.80",EUR
"937223 - 24790085","22/03/2019","600188","","","1,000.00",,"5432.26",EUR,"Cheque"," 1,000.00",EUR
"937223 - 24790085","22/03/2019","600192","","","1,300.00",,"4132.26",EUR,"Cheque"," 1,300.00",EUR
"937223 - 24790085","22/03/2019","D/D ELECTRIC IRELA","GTSSDDP190742MT9","","1,121.48",,"3010.78",EUR,"Direct Debit"," 1,121.48",EUR
"937223 - 24790085","25/03/2019","VDP-NEW SOUTHERN R","*0773","61.20GBP@0.853199","72.98",,"2937.80",EUR,"Debit"," 72.98",EUR
"937223 - 24790085","25/03/2019","*INET O CONNOR B","","","500.00",,"2437.80",EUR,"Debit"," 500.00",EUR
"937223 - 24790085","25/03/2019","600191","","","265.90",,"2171.90",EUR,"Cheque"," 265.90",EUR
"937223 - 24790085","26/03/2019","GETZ 09G20010","","",,"2,750.00","4921.90",EUR,"Credit"," 2,750.00",EUR
"937223 - 24790085","26/03/2019","VDP-KENNY GALWAY L","*0773","","199.00",,"4722.90",EUR,"Debit"," 199.00",EUR
"937223 - 24790085","26/03/2019","VDP-TED BRENNAN MO","*0773","","110.00",,"4612.90",EUR,"Debit"," 110.00",EUR
"937223 - 24790085","27/03/2019","VDP-APPLUS CAR TES","*0773","","200.00",,"4412.90",EUR,"Debit"," 200.00",EUR
"937223 - 24790085","27/03/2019","VDP-APPLUS CAR TES","*0773","","2,090.00",,"2322.90",EUR,"Debit"," 2,090.00",EUR
"937223 - 24790085","27/03/2019","VDP-EURO CAR PARTS","*0773","","17.22",,"2305.68",EUR,"Debit"," 17.22",EUR
"937223 - 24790085","27/03/2019","VDC-N84 FUELS","*0773","","20.00",,"2285.68",EUR,"Debit"," 20.00",EUR
"937223 - 24790085","28/03/2019","161G6572 TRANS","","",,"9,500.00","11785.68",EUR,"Credit"," 9,500.00",EUR
"937223 - 24790085","28/03/2019","VDP-EURO CAR PARTS","*0773","","17.22",,"11768.46",EUR,"Debit"," 17.22",EUR
"937223 - 24790085","28/03/2019","VDP-EURO CAR PARTS","*0773","","29.16",,"11739.30",EUR,"Debit"," 29.16",EUR
"937223 - 24790085","28/03/2019","VDP-EURO CAR PARTS","*0773","","36.52",,"11702.78",EUR,"Debit"," 36.52",EUR
"937223 - 24790085","28/03/2019","VDP-EUROLINK MOTOR","*0773","","4.40",,"11698.38",EUR,"Debit"," 4.40",EUR
"937223 - 24790085","28/03/2019","VDP-GALWAY MOTOR T","*0773","","333.00",,"11365.38",EUR,"Debit"," 333.00",EUR
"937223 - 24790085","28/03/2019","VDP-KILMARTIN N6 S","*0773","","55.77",,"11309.61",EUR,"Debit"," 55.77",EUR
"937223 - 24790085","28/03/2019","VDP-N6 CONCESSION","*0773","","3.40",,"11306.21",EUR,"Debit"," 3.40",EUR
"937223 - 24790085","28/03/2019","VDP-N6 CONCESSION","*0773","","3.40",,"11302.81",EUR,"Debit"," 3.40",EUR
"937223 - 24790085","28/03/2019","VDP-TEXACO LUCAN","*0773","","40.12",,"11262.69",EUR,"Debit"," 40.12",EUR
"937223 - 24790085","28/03/2019","IE19032842139861","PYMT FEE O04","","22.50",,"11240.19",EUR,"Debit"," 22.50",EUR
"937223 - 24790085","28/03/2019","IE19032842139861","*INET DOC MTRS","","1,187.23",,"10052.96",EUR,"Debit"," 1,187.23",EUR
"937223 - 24790085","28/03/2019","FEE-QTR TO 22FEB19","937223-24790085","","163.03",,"9889.93",EUR,"Debit"," 163.03",EUR
"937223 - 24790085","28/03/2019","VDC-GALWAY HARBOUR","*0773","","20.00",,"9869.93",EUR,"Debit"," 20.00",EUR
"937223 - 24790085","29/03/2019","MALAHIDE AUTOS X5","","",,"10,000.00","19869.93",EUR,"Credit"," 10,000.00",EUR
"937223 - 24790085","29/03/2019","VDP-EURO CAR PARTS","*0773","","25.83",,"19844.10",EUR,"Debit"," 25.83",EUR
"937223 - 24790085","29/03/2019","VDP-EUROLINK MOTOR","*0773","","4.40",,"19839.70",EUR,"Debit"," 4.40",EUR
"937223 - 24790085","29/03/2019","VDP-THREE IRELAND","*0773","","292.79",,"19546.91",EUR,"Debit"," 292.79",EUR
"937223 - 24790085","29/03/2019","*INET BESPOKE LTD","","","403.75",,"19143.16",EUR,"Debit"," 403.75",EUR
"937223 - 24790085","29/03/2019","*INET CONNEELY M","","","450.81",,"18692.35",EUR,"Debit"," 450.81",EUR
"937223 - 24790085","29/03/2019","*INET OCONNORB","","","500.00",,"18192.35",EUR,"Debit"," 500.00",EUR
"937223 - 24790085","29/03/2019","IE19032943137254","PYMT FEE O04","","22.50",,"18169.85",EUR,"Debit"," 22.50",EUR
"937223 - 24790085","29/03/2019","IE19032943137254","*INET DOC MTRS","","11,217.38",,"6952.47",EUR,"Debit"," 11,217.38",EUR
"937223 - 24790085","29/03/2019","600190","","","169.12",,"6783.35",EUR,"Cheque"," 169.12",EUR
"937223 - 24790085","29/03/2019","D/D Cars Ireland","GTSSDDM190862GG1","","158.67",,"6624.68",EUR,"Direct Debit"," 158.67",EUR
"937223 - 24790085","29/03/2019","GOVSTMPDTY24790085","25@ 0.50 EACH","","12.50",,"6612.18",EUR,"Direct Debit"," 12.50",EUR
"937223 - 24790085","01/04/2019","VDP-BRADYS GARAGE","*0773","","100.89",,"6511.29",EUR,"Debit"," 100.89",EUR
"937223 - 24790085","01/04/2019","VDP-CENTRA","*0773","","32.78",,"6478.51",EUR,"Debit"," 32.78",EUR
"937223 - 24790085","01/04/2019","VDP-CENTRA","*0773","","62.76",,"6415.75",EUR,"Debit"," 62.76",EUR
"937223 - 24790085","01/04/2019","VDP-CIRCLE K KILCO","*0773","","61.71",,"6354.04",EUR,"Debit"," 61.71",EUR
"937223 - 24790085","01/04/2019","VDP-EURO CAR PARTS","*0773","","119.64",,"6234.40",EUR,"Debit"," 119.64",EUR
"937223 - 24790085","01/04/2019","VDP-GALWAYADVERTIS","*0773","","60.00",,"6174.40",EUR,"Debit"," 60.00",EUR
"937223 - 24790085","01/04/2019","IE19040144099300","PYMT FEE O04","","22.50",,"6151.90",EUR,"Debit"," 22.50",EUR
"937223 - 24790085","01/04/2019","IE19040144099300","*INET DOC MTRS","","3,536.07",,"2615.83",EUR,"Debit"," 3,536.07",EUR
"937223 - 24790085","02/04/2019","*ATMLDG TUAM RD  A","PIXO","",,"3,000.00","5615.83",EUR,"Credit"," 3,000.00",EUR
"937223 - 24790085","02/04/2019","VDP-APPLUS CAR TES","*0773","","55.00",,"5560.83",EUR,"Debit"," 55.00",EUR
"937223 - 24790085","02/04/2019","VDP-APPLUS CAR TES","*0773","","409.00",,"5151.83",EUR,"Debit"," 409.00",EUR
"937223 - 24790085","02/04/2019","VDP-AUTO DISMANTLE","*0773","","30.00",,"5121.83",EUR,"Debit"," 30.00",EUR
"937223 - 24790085","02/04/2019","VDP-CALBRO EXHAUST","*0773","","135.00",,"4986.83",EUR,"Debit"," 135.00",EUR
"937223 - 24790085","02/04/2019","600194","","","175.53",,"4811.30",EUR,"Cheque"," 175.53",EUR
"937223 - 24790085","02/04/2019","VDC-APPLEGREEN GAL","*0773","","15.01",,"4796.29",EUR,"Debit"," 15.01",EUR
"937223 - 24790085","02/04/2019","VDC-EURO CAR PARTS","*0773","","17.22",,"4779.07",EUR,"Debit"," 17.22",EUR
"937223 - 24790085","03/04/2019","VDP-APPLUS CAR TES","*0773","","55.00",,"4724.07",EUR,"Debit"," 55.00",EUR
"937223 - 24790085","03/04/2019","VDP-APPLUS CAR TES","*0773","","1,808.00",,"2916.07",EUR,"Debit"," 1,808.00",EUR
"937223 - 24790085","03/04/2019","VDP-CARTELL","*0773","","61.50",,"2854.57",EUR,"Debit"," 61.50",EUR
"937223 - 24790085","03/04/2019","VDP-CENTRA","*0773","","20.02",,"2834.55",EUR,"Debit"," 20.02",EUR
"937223 - 24790085","03/04/2019","VDP-EURO CAR PARTS","*0773","","16.65",,"2817.90",EUR,"Debit"," 16.65",EUR
"937223 - 24790085","03/04/2019","VDP-EURO CAR PARTS","*0773","","17.38",,"2800.52",EUR,"Debit"," 17.38",EUR
"937223 - 24790085","03/04/2019","600187","","","117.02",,"2683.50",EUR,"Cheque"," 117.02",EUR
"937223 - 24790085","03/04/2019","VDC-EURO CAR PARTS","*0773","","17.22",,"2666.28",EUR,"Debit"," 17.22",EUR
"937223 - 24790085","04/04/2019","*ATMLDG TUAM RD  A","12G7887","",,"7,000.00","9666.28",EUR,"Credit"," 7,000.00",EUR
"937223 - 24790085","04/04/2019","*ATMLDG TUAM RD  B","LIZ  COLLERAN DEPO","",,"250.00","9916.28",EUR,"Credit"," 250.00",EUR
"937223 - 24790085","04/04/2019","CAR DEPOSIT ASHLIN","","",,"100.00","10016.28",EUR,"Credit"," 100.00",EUR
"937223 - 24790085","04/04/2019","162G2842","","",,"13,500.00","23516.28",EUR,"Credit"," 13,500.00",EUR
"937223 - 24790085","04/04/2019","VDP-APPLUS CAR TES","*0773","","28.00",,"23488.28",EUR,"Debit"," 28.00",EUR
"937223 - 24790085","04/04/2019","VDP-APPLUS CAR TES","*0773","","1,664.00",,"21824.28",EUR,"Debit"," 1,664.00",EUR
"937223 - 24790085","04/04/2019","VDP-KEVIN BURKE TY","*0773","","163.47",,"21660.81",EUR,"Debit"," 163.47",EUR
"937223 - 24790085","05/04/2019","VDP-BYM ENTERPRISE","*0773","","30.00",,"21630.81",EUR,"Debit"," 30.00",EUR
"937223 - 24790085","05/04/2019","*INET CONNEELY M","","","450.80",,"21180.01",EUR,"Debit"," 450.80",EUR
"937223 - 24790085","05/04/2019","*INET OCONNOR B","","","500.00",,"20680.01",EUR,"Debit"," 500.00",EUR
"937223 - 24790085","05/04/2019","600193","","","1,350.00",,"19330.01",EUR,"Cheque"," 1,350.00",EUR
"937223 - 24790085","05/04/2019","600201","","","1,000.00",,"18330.01",EUR,"Cheque"," 1,000.00",EUR
"937223 - 24790085","05/04/2019","VDC-BYM ENTERPRISE","*0773","","25.00",,"18305.01",EUR,"Debit"," 25.00",EUR
"937223 - 24790085","08/04/2019","*ATMLDG TUAM RD  B","LIZ COL PIXO","",,"500.00","18805.01",EUR,"Credit"," 500.00",EUR
"937223 - 24790085","08/04/2019","*ATMLDG TUAM RD  B","131G5065KATHLEENWA","",,"8,000.00","26805.01",EUR,"Credit"," 8,000.00",EUR
"937223 - 24790085","08/04/2019","VDP-APPLUS CAR TES","*0773","","55.00",,"26750.01",EUR,"Debit"," 55.00",EUR
"937223 - 24790085","08/04/2019","VDP-CENTRA","*0773","","20.01",,"26730.00",EUR,"Debit"," 20.01",EUR
"937223 - 24790085","08/04/2019","VDP-DPD_IRELAND","*0773","","14.00",,"26716.00",EUR,"Debit"," 14.00",EUR
"937223 - 24790085","08/04/2019","VDP-SHEILS MOTORPA","*0773","","99.00",,"26617.00",EUR,"Debit"," 99.00",EUR
"937223 - 24790085","08/04/2019","IE19040847900750","PYMT FEE O04","","22.50",,"26594.50",EUR,"Debit"," 22.50",EUR
"937223 - 24790085","08/04/2019","IE19040847900750","*INET DOC MTRS","","15,328.38",,"11266.12",EUR,"Debit"," 15,328.38",EUR
"937223 - 24790085","08/04/2019","VDC-MANNIONS SPRMK","*0773","","10.04",,"11256.08",EUR,"Debit"," 10.04",EUR
"937223 - 24790085","09/04/2019","VAN DEPOSIT","IE19040948114514","",,"2,297.00","13553.08",EUR,"Credit"," 2,297.00",EUR
"937223 - 24790085","09/04/2019","VDP-APPLUS CAR TES","*0773","","55.00",,"13498.08",EUR,"Debit"," 55.00",EUR
"937223 - 24790085","10/04/2019","VDP-Pearse Road Ty","*0773","","50.00",,"13448.08",EUR,"Debit"," 50.00",EUR
"937223 - 24790085","10/04/2019","600202","","","2,246.00",,"11202.08",EUR,"Cheque"," 2,246.00",EUR
"937223 - 24790085","12/04/2019","*INET CONNEELY M","","","450.80",,"10751.28",EUR,"Debit"," 450.80",EUR
"937223 - 24790085","12/04/2019","*INET O CONNOR B","","","500.00",,"10251.28",EUR,"Debit"," 500.00",EUR
"937223 - 24790085","12/04/2019","IE19041250359536","PYMT FEE O04","","22.50",,"10228.78",EUR,"Debit"," 22.50",EUR
"937223 - 24790085","12/04/2019","IE19041250359536","*INET DOC MTRS","","5,870.61",,"4358.17",EUR,"Debit"," 5,870.61",EUR
"937223 - 24790085","15/04/2019","VDP-CELLNET","*0773","","9.99",,"4348.18",EUR,"Debit"," 9.99",EUR
"937223 - 24790085","15/04/2019","VDP-CIRCLE K KILCO","*0773","","30.00",,"4318.18",EUR,"Debit"," 30.00",EUR
"937223 - 24790085","15/04/2019","D/D Securecom","GTSSDDM191000LFD","","34.05",,"4284.13",EUR,"Direct Debit"," 34.05",EUR
"937223 - 24790085","16/04/2019","VDP-EURO CAR PARTS","*0773","","17.22",,"4266.91",EUR,"Debit"," 17.22",EUR
"937223 - 24790085","16/04/2019","VDP-EURO CAR PARTS","*0773","","50.01",,"4216.90",EUR,"Debit"," 50.01",EUR
"937223 - 24790085","16/04/2019","D/D GC re Sage Ire","GTSSDDM191022J3M","","127.92",,"4088.98",EUR,"Direct Debit"," 127.92",EUR
"937223 - 24790085","17/04/2019","VDP-EURO CAR PARTS","*0773","",,"68.03","4157.01",EUR,"Credit"," 68.03",EUR
"937223 - 24790085","17/04/2019","VDP-EURO CAR PARTS","*0773","","17.22",,"4139.79",EUR,"Debit"," 17.22",EUR
"937223 - 24790085","17/04/2019","VDP-EURO CAR PARTS","*0773","","68.03",,"4071.76",EUR,"Debit"," 68.03",EUR
"937223 - 24790085","18/04/2019","VDP-HADDON AND JAM","*0773","800.00GBP@0.864145","936.77",,"3134.99",EUR,"Debit"," 936.77",EUR
"937223 - 24790085","18/04/2019","VDP-K.D. AUTOPARTS","*0773","","75.00",,"3059.99",EUR,"Debit"," 75.00",EUR
"937223 - 24790085","18/04/2019","600195","","","367.89",,"2692.10",EUR,"Cheque"," 367.89",EUR
"937223 - 24790085","18/04/2019","600205","","","100.00",,"2592.10",EUR,"Cheque"," 100.00",EUR
"937223 - 24790085","18/04/2019","D/D GC re Distille","GTSSDDM191063XD3","","459.41",,"2132.69",EUR,"Direct Debit"," 459.41",EUR
"937223 - 24790085","23/04/2019","INV 338 340","","",,"6,750.00","8882.69",EUR,"Credit"," 6,750.00",EUR
"937223 - 24790085","23/04/2019","VDP-CARTELL","*0773","","61.50",,"8821.19",EUR,"Debit"," 61.50",EUR
"937223 - 24790085","23/04/2019","VDP-EURO CAR PARTS","*0773","","16.67",,"8804.52",EUR,"Debit"," 16.67",EUR
"937223 - 24790085","23/04/2019","VDP-EURO CAR PARTS","*0773","","72.84",,"8731.68",EUR,"Debit"," 72.84",EUR
"937223 - 24790085","23/04/2019","VDP-EURO CAR PARTS","*0773","","128.81",,"8602.87",EUR,"Debit"," 128.81",EUR
"937223 - 24790085","23/04/2019","VDP-FRED OCONNOR C","*0773","","25.00",,"8577.87",EUR,"Debit"," 25.00",EUR
"937223 - 24790085","23/04/2019","VDP-SHEILS MOTORPA","*0773","","60.00",,"8517.87",EUR,"Debit"," 60.00",EUR
"937223 - 24790085","23/04/2019","*INET CONNEELY M","","","450.80",,"8067.07",EUR,"Debit"," 450.80",EUR
"937223 - 24790085","23/04/2019","*INET OCONNORB","","","500.00",,"7567.07",EUR,"Debit"," 500.00",EUR
"937223 - 24790085","23/04/2019","D/D Mapfre Assista","GTSSDDM191082EEH","","782.25",,"6784.82",EUR,"Direct Debit"," 782.25",EUR
"937223 - 24790085","24/04/2019","BOC LN","","",,"2,000.00","8784.82",EUR,"Credit"," 2,000.00",EUR
"937223 - 24790085","24/04/2019","VDP-APPLUS CAR TES","*0773","","1,863.00",,"6921.82",EUR,"Debit"," 1,863.00",EUR
"937223 - 24790085","24/04/2019","VDP-EURO CAR PARTS","*0773","","17.22",,"6904.60",EUR,"Debit"," 17.22",EUR
"937223 - 24790085","24/04/2019","VDP-EURO CAR PARTS","*0773","","62.78",,"6841.82",EUR,"Debit"," 62.78",EUR
"937223 - 24790085","24/04/2019","VDC-CIRCLE K KILCO","*0773","","11.91",,"6829.91",EUR,"Debit"," 11.91",EUR
"937223 - 24790085","25/04/2019","*ATMLDG ORANMORE B","08CE9702","",,"2,500.00","9329.91",EUR,"Credit"," 2,500.00",EUR
"937223 - 24790085","25/04/2019","VDP-EURO CAR PARTS","*0773","","6.30",,"9323.61",EUR,"Debit"," 6.30",EUR
"937223 - 24790085","25/04/2019","D/D Revenue Commis","GTSSDDP191133CAB","","2,152.40",,"7171.21",EUR,"Direct Debit"," 2,152.40",EUR
"937223 - 24790085","25/04/2019","VDC-CIRCLE K KILCO","*0773","","21.82",,"7149.39",EUR,"Debit"," 21.82",EUR
"937223 - 24790085","26/04/2019","CAR DEPOSIT","IE19042656992675","",,"1,000.00","8149.39",EUR,"Credit"," 1,000.00",EUR
"937223 - 24790085","26/04/2019","VDP-APPLUS CAR TES","*0773","","55.00",,"8094.39",EUR,"Debit"," 55.00",EUR
"937223 - 24790085","26/04/2019","VDP-APPLUS CAR TES","*0773","","1,950.00",,"6144.39",EUR,"Debit"," 1,950.00",EUR
"937223 - 24790085","26/04/2019","VDP-CENTRA","*0773","","37.65",,"6106.74",EUR,"Debit"," 37.65",EUR
"937223 - 24790085","26/04/2019","VDP-EURO CAR PARTS","*0773","","17.22",,"6089.52",EUR,"Debit"," 17.22",EUR
"937223 - 24790085","26/04/2019","*INET CONNEELY M","","","450.80",,"5638.72",EUR,"Debit"," 450.80",EUR
"937223 - 24790085","26/04/2019","*INET HEALY DENISE","","","120.00",,"5518.72",EUR,"Debit"," 120.00",EUR
"937223 - 24790085","26/04/2019","*INET OCONNOR B","","","500.00",,"5018.72",EUR,"Debit"," 500.00",EUR
"937223 - 24790085","26/04/2019","600203","","","3,150.00",,"1868.72",EUR,"Cheque"," 3,150.00",EUR
"937223 - 24790085","26/04/2019","VDC-MR PRICE TUAM","*0773","","10.75",,"1857.97",EUR,"Debit"," 10.75",EUR
"937223 - 24790085","29/04/2019","*ATMLDG ORANMORE A","151G6587","",,"9,750.00","11607.97",EUR,"Credit"," 9,750.00",EUR
"937223 - 24790085","29/04/2019","TRISH KEOGH","","",,"1,750.00","13357.97",EUR,"Credit"," 1,750.00",EUR
"937223 - 24790085","29/04/2019","VDP-APPLUS CAR TES","*0773","","55.00",,"13302.97",EUR,"Debit"," 55.00",EUR
"937223 - 24790085","29/04/2019","VDP-EURO CAR PARTS","*0773","","27.31",,"13275.66",EUR,"Debit"," 27.31",EUR
"937223 - 24790085","29/04/2019","VDP-PHOTO ME IRELA","*0773","","8.00",,"13267.66",EUR,"Debit"," 8.00",EUR
"937223 - 24790085","29/04/2019","VDP-SHUTT HOLD","*0773","","44.47",,"13223.19",EUR,"Debit"," 44.47",EUR
"937223 - 24790085","29/04/2019","D/D Cars Ireland","GTSSDDM191151XBR","","158.67",,"13064.52",EUR,"Direct Debit"," 158.67",EUR
"937223 - 24790085","29/04/2019","D/D Revenue Commis","GTSSDDP191150Z31","","1,872.00",,"11192.52",EUR,"Direct Debit"," 1,872.00",EUR
"937223 - 24790085","29/04/2019","VDC-CIRCLE K KILCO","*0773","","20.01",,"11172.51",EUR,"Debit"," 20.01",EUR
"937223 - 24790085","30/04/2019","VDP-APPLUS CAR TES","*0773","","460.00",,"10712.51",EUR,"Debit"," 460.00",EUR
"937223 - 24790085","30/04/2019","VDP-EURO CAR PARTS","*0773","","17.22",,"10695.29",EUR,"Debit"," 17.22",EUR
"937223 - 24790085","30/04/2019","VDP-EURO CAR PARTS","*0773","","50.23",,"10645.06",EUR,"Debit"," 50.23",EUR
"937223 - 24790085","30/04/2019","IE19043058771543","PYMT FEE O04","","22.50",,"10622.56",EUR,"Debit"," 22.50",EUR
"937223 - 24790085","30/04/2019","IE19043058771543","*INET DOC MTRS","","3,637.22",,"6985.34",EUR,"Debit"," 3,637.22",EUR
"937223 - 24790085","30/04/2019","D/D Barna Recyclin","GTSSDDM19115243H","","5.68",,"6979.66",EUR,"Direct Debit"," 5.68",EUR
"937223 - 24790085","01/05/2019","P207","","",,"2,500.00","9479.66",EUR,"Credit"," 2,500.00",EUR
"937223 - 24790085","01/05/2019","VDP-APPLUS CAR TES","*0773","","55.00",,"9424.66",EUR,"Debit"," 55.00",EUR
"937223 - 24790085","01/05/2019","VDP-APPLUS CAR TES","*0773","","762.00",,"8662.66",EUR,"Debit"," 762.00",EUR
"937223 - 24790085","01/05/2019","VDP-EURO CAR PARTS","*0773","","33.00",,"8629.66",EUR,"Debit"," 33.00",EUR
"937223 - 24790085","01/05/2019","VDP-EURO CAR PARTS","*0773","","35.00",,"8594.66",EUR,"Debit"," 35.00",EUR
"937223 - 24790085","01/05/2019","VDP-KEVIN BURKE TY","*0773","","64.00",,"8530.66",EUR,"Debit"," 64.00",EUR
"937223 - 24790085","01/05/2019","IE19050159392933","PYMT FEE O04","","22.50",,"8508.16",EUR,"Debit"," 22.50",EUR
"937223 - 24790085","01/05/2019","IE19050159392933","*INET DOC MTRS","","1,768.24",,"6739.92",EUR,"Debit"," 1,768.24",EUR
"937223 - 24790085","01/05/2019","600204","","","100.00",,"6639.92",EUR,"Cheque"," 100.00",EUR
"937223 - 24790085","01/05/2019","VDC-SWEENEY OIL OR","*0773","","20.00",,"6619.92",EUR,"Debit"," 20.00",EUR
"937223 - 24790085","02/05/2019","VDP-BCG BREAKERS","*0773","386.00GBP@0.857720","457.90",,"6162.02",EUR,"Debit"," 457.90",EUR
"937223 - 24790085","02/05/2019","VDP-EURO CAR PARTS","*0773","","36.26",,"6125.76",EUR,"Debit"," 36.26",EUR
"937223 - 24790085","02/05/2019","VDP-MCHUGHS SPAR","*0773","","121.90",,"6003.86",EUR,"Debit"," 121.90",EUR
"937223 - 24790085","02/05/2019","600196","","","1,000.00",,"5003.86",EUR,"Cheque"," 1,000.00",EUR
"937223 - 24790085","03/05/2019","TRISH KEOGH","","",,"2,000.00","7003.86",EUR,"Credit"," 2,000.00",EUR
"937223 - 24790085","03/05/2019","*INET CONNEELY M","","","615.98",,"6387.88",EUR,"Debit"," 615.98",EUR
"937223 - 24790085","03/05/2019","*INET O' CONNOR B","","","500.00",,"5887.88",EUR,"Debit"," 500.00",EUR
"937223 - 24790085","07/05/2019","151G6580SRI","","",,"7,700.00","13587.88",EUR,"Credit"," 7,700.00",EUR
"937223 - 24790085","07/05/2019","VDP-APPLUS CAR TES","*0773","","1,368.00",,"12219.88",EUR,"Debit"," 1,368.00",EUR
"937223 - 24790085","07/05/2019","VDP-CIRCLE K KILCO","*0773","","98.01",,"12121.87",EUR,"Debit"," 98.01",EUR
"937223 - 24790085","07/05/2019","VDP-DELANYS TRADIN","*0773","","54.29",,"12067.58",EUR,"Debit"," 54.29",EUR
"937223 - 24790085","07/05/2019","VDP-EURO CAR PARTS","*0773","","48.07",,"12019.51",EUR,"Debit"," 48.07",EUR
"937223 - 24790085","07/05/2019","VDP-EURO CAR PARTS","*0773","","55.79",,"11963.72",EUR,"Debit"," 55.79",EUR
"937223 - 24790085","07/05/2019","VDP-EURO CAR PARTS","*0773","","184.50",,"11779.22",EUR,"Debit"," 184.50",EUR
"937223 - 24790085","07/05/2019","VDP-KEVIN BURKE TY","*0773","","60.00",,"11719.22",EUR,"Debit"," 60.00",EUR
"937223 - 24790085","07/05/2019","VDP-WOODIES DIY LI","*0773","","31.95",,"11687.27",EUR,"Debit"," 31.95",EUR
"937223 - 24790085","07/05/2019","IE19050762383731","PYMT FEE O04","","22.50",,"11664.77",EUR,"Debit"," 22.50",EUR
"937223 - 24790085","07/05/2019","IE19050762383731","*INET DOCONNORMTRS","","9,846.96",,"1817.81",EUR,"Debit"," 9,846.96",EUR
"937223 - 24790085","07/05/2019","VDC-EURO CAR PARTS","*0773","","19.00",,"1798.81",EUR,"Debit"," 19.00",EUR
"937223 - 24790085","08/05/2019","600206","","","190.00",,"1608.81",EUR,"Cheque"," 190.00",EUR
"937223 - 24790085","09/05/2019","VDP-CEDARGLADE LIM","*0773","","27.25",,"1581.56",EUR,"Debit"," 27.25",EUR
"937223 - 24790085","09/05/2019","VDP-EURO CAR PARTS","*0773","","40.48",,"1541.08",EUR,"Debit"," 40.48",EUR
"937223 - 24790085","09/05/2019","VDP-EURO CAR PARTS","*0773","","92.00",,"1449.08",EUR,"Debit"," 92.00",EUR
"937223 - 24790085","09/05/2019","VDP-PAYPAL *ACORNG","*0773","","85.27",,"1363.81",EUR,"Debit"," 85.27",EUR
"937223 - 24790085","09/05/2019","VDP-PAYPAL *PITNEY","*0773","","12.42",,"1351.39",EUR,"Debit"," 12.42",EUR
"937223 - 24790085","09/05/2019","VDP-PAYPAL *PITNEY","*0773","","12.76",,"1338.63",EUR,"Debit"," 12.76",EUR
"937223 - 24790085","09/05/2019","VDP-PAYPAL *PITNEY","*0773","","13.45",,"1325.18",EUR,"Debit"," 13.45",EUR
"937223 - 24790085","09/05/2019","VDP-PAYPAL *READ B","*0773","","40.82",,"1284.36",EUR,"Debit"," 40.82",EUR
"937223 - 24790085","09/05/2019","VDP-PAYPAL *READ B","*0773","","59.10",,"1225.26",EUR,"Debit"," 59.10",EUR
"937223 - 24790085","09/05/2019","*INET AAMBER MTRS","","","100.00",,"1125.26",EUR,"Debit"," 100.00",EUR
"937223 - 24790085","10/05/2019","VDP-EURO CAR PARTS","*0773","","84.93",,"1040.33",EUR,"Debit"," 84.93",EUR
"937223 - 24790085","10/05/2019","VDP-KEVIN BURKE TY","*0773","","60.00",,"980.33",EUR,"Debit"," 60.00",EUR
"937223 - 24790085","10/05/2019","600207","","","350.00",,"630.33",EUR,"Cheque"," 350.00",EUR
"937223 - 24790085","13/05/2019","KQ LN","","",,"500.00","1130.33",EUR,"Credit"," 500.00",EUR
"937223 - 24790085","13/05/2019","151 G 6580","","",,"6,500.00","7630.33",EUR,"Credit"," 6,500.00",EUR
"937223 - 24790085","13/05/2019","VDP-CELLNET","*0773","","9.99",,"7620.34",EUR,"Debit"," 9.99",EUR
"937223 - 24790085","13/05/2019","VDP-Derrydonnell S","*0773","","36.74",,"7583.60",EUR,"Debit"," 36.74",EUR
"937223 - 24790085","13/05/2019","VDP-EURO CAR PARTS","*0773","","17.22",,"7566.38",EUR,"Debit"," 17.22",EUR
"937223 - 24790085","13/05/2019","VDP-EURO CAR PARTS","*0773","","44.88",,"7521.50",EUR,"Debit"," 44.88",EUR
"937223 - 24790085","13/05/2019","VDP-EURO CAR PARTS","*0773","","49.10",,"7472.40",EUR,"Debit"," 49.10",EUR
"937223 - 24790085","13/05/2019","VDP-K.D. AUTOPARTS","*0773","","25.00",,"7447.40",EUR,"Debit"," 25.00",EUR
"937223 - 24790085","13/05/2019","VDP-TED BRENNAN MO","*0773","","60.00",,"7387.40",EUR,"Debit"," 60.00",EUR
"937223 - 24790085","13/05/2019","IE19051365394339","PYMT FEE O04","","22.50",,"7364.90",EUR,"Debit"," 22.50",EUR
"937223 - 24790085","13/05/2019","IE19051365394339","*INET DOC MTRS","","6,460.71",,"904.19",EUR,"Debit"," 6,460.71",EUR
"937223 - 24790085","13/05/2019","VDC-CIRCLE K KILCO","*0773","","18.80",,"885.39",EUR,"Debit"," 18.80",EUR
"937223 - 24790085","13/05/2019","VDC-SPAR CORRIB OI","*0773","","29.51",,"855.88",EUR,"Debit"," 29.51",EUR
"937223 - 24790085","14/05/2019","VDC-DAYBREAK CLOON","*0773","","20.00",,"835.88",EUR,"Debit"," 20.00",EUR
"937223 - 24790085","15/05/2019","*ATMLDG ORANMORE A","SO 41  42 21 9","",,"4,550.00","5385.88",EUR,"Credit"," 4,550.00",EUR
"937223 - 24790085","15/05/2019","VDP-APPLUS CAR TES","*0773","","28.00",,"5357.88",EUR,"Debit"," 28.00",EUR
"937223 - 24790085","15/05/2019","VDP-EURO CAR PARTS","*0773","","64.55",,"5293.33",EUR,"Debit"," 64.55",EUR
"937223 - 24790085","15/05/2019","VDP-GALWAY TRUCK A","*0773","","111.16",,"5182.17",EUR,"Debit"," 111.16",EUR
"937223 - 24790085","15/05/2019","D/D Securecom","GTSSDDM1913005R8","","34.05",,"5148.12",EUR,"Direct Debit"," 34.05",EUR
"937223 - 24790085","15/05/2019","VDC-THE CITY BIN C","*0773","","20.00",,"5128.12",EUR,"Debit"," 20.00",EUR
"937223 - 24790085","16/05/2019","VDP-APPLUS CAR TES","*0773","","200.00",,"4928.12",EUR,"Debit"," 200.00",EUR
"937223 - 24790085","16/05/2019","VDP-EURO CAR PARTS","*0773","","80.00",,"4848.12",EUR,"Debit"," 80.00",EUR
"937223 - 24790085","16/05/2019","VDP-Hynes Yard Car","*0773","","2.70",,"4845.42",EUR,"Debit"," 2.70",EUR
"937223 - 24790085","16/05/2019","VDC-CIRCLE K KILCO","*0773","","20.00",,"4825.42",EUR,"Debit"," 20.00",EUR
"937223 - 24790085","16/05/2019","VDC-EURO CAR PARTS","*0773","","17.22",,"4808.20",EUR,"Debit"," 17.22",EUR
"937223 - 24790085","17/05/2019","VDP-ULSTER FLYING","*0773","289.56GBP@0.871486","338.07",,"4470.13",EUR,"Debit"," 338.07",EUR
"937223 - 24790085","17/05/2019","*INET O CONNOR B","","","500.00",,"3970.13",EUR,"Debit"," 500.00",EUR
"937223 - 24790085","17/05/2019","D/D GC re Distille","GTSSDDM191351WSO","","309.96",,"3660.17",EUR,"Direct Debit"," 309.96",EUR
"937223 - 24790085","20/05/2019","VDP-EURO CAR PARTS","*0773","",,"8.86","3669.03",EUR,"Credit"," 8.86",EUR
"937223 - 24790085","20/05/2019","FORDMONDEO DEPOSIT","","",,"1,000.00","4669.03",EUR,"Credit"," 1,000.00",EUR
"937223 - 24790085","20/05/2019","VDP-EURO CAR PARTS","*0773","","17.22",,"4651.81",EUR,"Debit"," 17.22",EUR
"937223 - 24790085","20/05/2019","VDP-EURO CAR PARTS","*0773","","46.13",,"4605.68",EUR,"Debit"," 46.13",EUR
"937223 - 24790085","20/05/2019","VDP-EURO CAR PARTS","*0773","","47.78",,"4557.90",EUR,"Debit"," 47.78",EUR
"937223 - 24790085","20/05/2019","D/D Mapfre Assista","GTSSDDM191370CAU","","451.50",,"4106.40",EUR,"Direct Debit"," 451.50",EUR
"937223 - 24790085","21/05/2019","LODGMENT","","",,"9,000.00","13106.40",EUR,"Credit"," 9,000.00",EUR
"937223 - 24790085","21/05/2019","IE19052169224046","PYMT FEE O04","","22.50",,"13083.90",EUR,"Debit"," 22.50",EUR
"937223 - 24790085","21/05/2019","IE19052169224046","*INET SL16EUP","","10,407.03",,"2676.87",EUR,"Debit"," 10,407.03",EUR
"937223 - 24790085","21/05/2019","VDC-MR PRICE","*0773","","20.97",,"2655.90",EUR,"Debit"," 20.97",EUR
"937223 - 24790085","22/05/2019","VDP-EURO CAR PARTS","*0773","","34.08",,"2621.82",EUR,"Debit"," 34.08",EUR
"937223 - 24790085","22/05/2019","VDP-GALWAY MOTOR T","*0773","","399.00",,"2222.82",EUR,"Debit"," 399.00",EUR
"937223 - 24790085","22/05/2019","VDC-BARNA RECYCLIN","*0773","","22.00",,"2200.82",EUR,"Debit"," 22.00",EUR
"937223 - 24790085","22/05/2019","VDC-CENTRA","*0773","","15.00",,"2185.82",EUR,"Debit"," 15.00",EUR
"937223 - 24790085","23/05/2019","VDP-EURO CAR PARTS","*0773","",,"7.65","2193.47",EUR,"Credit"," 7.65",EUR
"937223 - 24790085","23/05/2019","BAL","","",,"2,200.00","4393.47",EUR,"Credit"," 2,200.00",EUR
"937223 - 24790085","23/05/2019","VDP-TC AUTOS","*0773","319.00GBP@0.877144","370.04",,"4023.43",EUR,"Debit"," 370.04",EUR
"937223 - 24790085","23/05/2019","VRT","","","2,330.00",,"1693.43",EUR,"Debit"," 2,330.00",EUR
"937223 - 24790085","24/05/2019","*ATMLDG ORANMORE B","YA64XUH","",,"2,250.00","3943.43",EUR,"Credit"," 2,250.00",EUR
"937223 - 24790085","24/05/2019","151 FORD MONDEO","","",,"8,000.00","11943.43",EUR,"Credit"," 8,000.00",EUR
"937223 - 24790085","24/05/2019","VDP-EURO CAR PARTS","*0773","","22.64",,"11920.79",EUR,"Debit"," 22.64",EUR
"937223 - 24790085","24/05/2019","*INET CONNEELY M","","","615.98",,"11304.81",EUR,"Debit"," 615.98",EUR
"937223 - 24790085","24/05/2019","*INET OCONNOR B","","","500.00",,"10804.81",EUR,"Debit"," 500.00",EUR
"937223 - 24790085","24/05/2019","600199","","","1,000.00",,"9804.81",EUR,"Cheque"," 1,000.00",EUR
"937223 - 24790085","27/05/2019","*ATMLDG ORANMORE A","11SWIFT","",,"5,750.00","15554.81",EUR,"Credit"," 5,750.00",EUR
"937223 - 24790085","27/05/2019","VDP-EURO CAR PARTS","*0773","","17.22",,"15537.59",EUR,"Debit"," 17.22",EUR
"937223 - 24790085","28/05/2019","*MOBI CURRENT-038","","",,"200.00","15737.59",EUR,"Credit"," 200.00",EUR
"937223 - 24790085","28/05/2019","IE19052872776247","PYMT FEE O04","","22.50",,"15715.09",EUR,"Debit"," 22.50",EUR
"937223 - 24790085","28/05/2019","IE19052872776247","*INET DOC MTRS","","6,038.65",,"9676.44",EUR,"Debit"," 6,038.65",EUR
"937223 - 24790085","28/05/2019","600197","","","351.06",,"9325.38",EUR,"Cheque"," 351.06",EUR
"937223 - 24790085","29/05/2019","VDP-APPLUS CAR TES","*0773","","55.00",,"9270.38",EUR,"Debit"," 55.00",EUR
"937223 - 24790085","29/05/2019","VDP-APPLUS CAR TES","*0773","","679.00",,"8591.38",EUR,"Debit"," 679.00",EUR
"937223 - 24790085","29/05/2019","VDP-EURO CAR PARTS","*0773","","27.30",,"8564.08",EUR,"Debit"," 27.30",EUR
"937223 - 24790085","29/05/2019","VDP-EURO CAR PARTS","*0773","","50.48",,"8513.60",EUR,"Debit"," 50.48",EUR
"937223 - 24790085","29/05/2019","VDP-KEVIN BURKE TY","*0773","","65.67",,"8447.93",EUR,"Debit"," 65.67",EUR
"937223 - 24790085","29/05/2019","600210","","","300.00",,"8147.93",EUR,"Cheque"," 300.00",EUR
"937223 - 24790085","29/05/2019","VDC-EURO CAR PARTS","*0773","","17.22",,"8130.71",EUR,"Debit"," 17.22",EUR
"937223 - 24790085","30/05/2019","*ATMLDG ORANMORE A","BAL","",,"2,000.00","10130.71",EUR,"Credit"," 2,000.00",EUR
"937223 - 24790085","30/05/2019","*ATMLDG ORANMORE B","10L1019","",,"4,500.00","14630.71",EUR,"Credit"," 4,500.00",EUR
"937223 - 24790085","30/05/2019","VDP-ONLINE MOTOR T","*0773","","270.00",,"14360.71",EUR,"Debit"," 270.00",EUR
"937223 - 24790085","30/05/2019","IE19053074450374","PYMT FEE O04","","22.50",,"14338.21",EUR,"Debit"," 22.50",EUR
"937223 - 24790085","30/05/2019","IE19053074450374","*INET DOC MOTORS","","8,400.46",,"5937.75",EUR,"Debit"," 8,400.46",EUR
"937223 - 24790085","31/05/2019","*ATMLDG ORANMORE A","T MCD","",,"15,000.00","20937.75",EUR,"Credit"," 15,000.00",EUR
"937223 - 24790085","31/05/2019","VDP-APPLEGREEN GAL","*0773","","30.91",,"20906.84",EUR,"Debit"," 30.91",EUR
"937223 - 24790085","31/05/2019","VDP-BESPOKE MANAGE","*0773","","184.50",,"20722.34",EUR,"Debit"," 184.50",EUR
"937223 - 24790085","31/05/2019","VDP-EURO CAR PARTS","*0773","","4.96",,"20717.38",EUR,"Debit"," 4.96",EUR
"937223 - 24790085","31/05/2019","VDP-THREE IRELAND","*0773","","272.53",,"20444.85",EUR,"Debit"," 272.53",EUR
"937223 - 24790085","31/05/2019","*INET O CONNOR B","","","500.00",,"19944.85",EUR,"Debit"," 500.00",EUR
"937223 - 24790085","31/05/2019","IE19053175359379","PYMT FEE O04","","22.50",,"19922.35",EUR,"Debit"," 22.50",EUR
"937223 - 24790085","31/05/2019","IE19053175359379","*INET DOC MTRS","","2,411.85",,"17510.50",EUR,"Debit"," 2,411.85",EUR
"937223 - 24790085","31/05/2019","IE19053175572690","PYMT FEE O04","","22.50",,"17488.00",EUR,"Debit"," 22.50",EUR
"937223 - 24790085","31/05/2019","IE19053175572690","*INET DOC MTRS","","12,633.51",,"4854.49",EUR,"Debit"," 12,633.51",EUR
"937223 - 24790085","31/05/2019","D/D Cars Ireland","GTSSDDM191482JSQ","","158.67",,"4695.82",EUR,"Direct Debit"," 158.67",EUR
"937223 - 24790085","04/06/2019","LODGMENT    115280","","",,"1,000.00","5695.82",EUR,"Credit"," 1,000.00",EUR
"937223 - 24790085","04/06/2019","VDP-EURO CAR PARTS","*0773","","35.12",,"5660.70",EUR,"Debit"," 35.12",EUR
"937223 - 24790085","04/06/2019","VDP-IRISH AUTO PAR","*0773","","41.32",,"5619.38",EUR,"Debit"," 41.32",EUR
"937223 - 24790085","04/06/2019","600200","","","950.00",,"4669.38",EUR,"Cheque"," 950.00",EUR
"937223 - 24790085","04/06/2019","600209","","","1,300.00",,"3369.38",EUR,"Cheque"," 1,300.00",EUR
"937223 - 24790085","04/06/2019","VDC-CIRCLE K KILCO","*0773","","20.02",,"3349.36",EUR,"Debit"," 20.02",EUR
"937223 - 24790085","04/06/2019","VDC-CIRCLE K KILCO","*0773","","26.78",,"3322.58",EUR,"Debit"," 26.78",EUR
"937223 - 24790085","05/06/2019","*ATMLDG ORANMORE A","FABIA","",,"3,000.00","6322.58",EUR,"Credit"," 3,000.00",EUR
"937223 - 24790085","05/06/2019","VDP-CALBRO EXHAUST","*0773","","40.00",,"6282.58",EUR,"Debit"," 40.00",EUR
"937223 - 24790085","05/06/2019","VDP-EURO CAR PARTS","*0773","","14.07",,"6268.51",EUR,"Debit"," 14.07",EUR
"937223 - 24790085","05/06/2019","VDP-EURO CAR PARTS","*0773","","71.11",,"6197.40",EUR,"Debit"," 71.11",EUR
"937223 - 24790085","05/06/2019","VDP-KEVIN BURKE TY","*0773","","112.67",,"6084.73",EUR,"Debit"," 112.67",EUR
"937223 - 24790085","05/06/2019","VDP-Western Motors","*0773","","90.82",,"5993.91",EUR,"Debit"," 90.82",EUR
"937223 - 24790085","05/06/2019","600198","","","370.00",,"5623.91",EUR,"Cheque"," 370.00",EUR
"937223 - 24790085","05/06/2019","600211","","","600.00",,"5023.91",EUR,"Cheque"," 600.00",EUR
"937223 - 24790085","05/06/2019","D/D ELECTRIC IRELA","GTSSDDP191493X8N","","1,123.24",,"3900.67",EUR,"Direct Debit"," 1,123.24",EUR
"937223 - 24790085","05/06/2019","VDC-CIRCLE K KILCO","*0773","","25.00",,"3875.67",EUR,"Debit"," 25.00",EUR
"937223 - 24790085","06/06/2019","VDP-APPLUS CAR TES","*0773","","2,113.00",,"1762.67",EUR,"Debit"," 2,113.00",EUR
"937223 - 24790085","06/06/2019","VDP-EURO CAR PARTS","*0773","","15.69",,"1746.98",EUR,"Debit"," 15.69",EUR
"937223 - 24790085","06/06/2019","VDP-EURO CAR PARTS","*0773","","142.15",,"1604.83",EUR,"Debit"," 142.15",EUR
"937223 - 24790085","06/06/2019","*INET OCONNORB","","","500.00",,"1104.83",EUR,"Debit"," 500.00",EUR
"937223 - 24790085","07/06/2019","VDP-EURO CAR PARTS","*0773","",,"24.76","1129.59",EUR,"Credit"," 24.76",EUR
"937223 - 24790085","07/06/2019","LN AAA","","",,"2,000.00","3129.59",EUR,"Credit"," 2,000.00",EUR
"937223 - 24790085","07/06/2019","LODGMENT    796674","","",,"9,750.00","12879.59",EUR,"Credit"," 9,750.00",EUR
"937223 - 24790085","07/06/2019","VDP-EURO CAR PARTS","*0773","","83.74",,"12795.85",EUR,"Debit"," 83.74",EUR
"937223 - 24790085","07/06/2019","IE19060779086540","PYMT FEE O04","","22.50",,"12773.35",EUR,"Debit"," 22.50",EUR
"937223 - 24790085","07/06/2019","IE19060779086540","*INET D O CONNOR M","","2,287.28",,"10486.07",EUR,"Debit"," 2,287.28",EUR
"937223 - 24790085","07/06/2019","600208","","","1,000.00",,"9486.07",EUR,"Cheque"," 1,000.00",EUR
"937223 - 24790085","07/06/2019","600212","","","400.00",,"9086.07",EUR,"Cheque"," 400.00",EUR
"937223 - 24790085","10/06/2019","RAYMOND MORRIS","IE19061079386863","",,"12,000.00","21086.07",EUR,"Credit"," 12,000.00",EUR
"937223 - 24790085","10/06/2019","IE19061079812760","PYMT FEE O04","","22.50",,"21063.57",EUR,"Debit"," 22.50",EUR
"937223 - 24790085","10/06/2019","IE19061079812760","*INET DOC MTRS","","8,888.89",,"12174.68",EUR,"Debit"," 8,888.89",EUR
"937223 - 24790085","11/06/2019","VDP-APPLUS CAR TES","*0773","","1,143.00",,"11031.68",EUR,"Debit"," 1,143.00",EUR
"937223 - 24790085","11/06/2019","VDP-CARTELL","*0773","","61.50",,"10970.18",EUR,"Debit"," 61.50",EUR
"937223 - 24790085","11/06/2019","VDP-CENTRAL BEARIN","*0773","","40.00",,"10930.18",EUR,"Debit"," 40.00",EUR
"937223 - 24790085","11/06/2019","VDP-EURO CAR PARTS","*0773","","5.22",,"10924.96",EUR,"Debit"," 5.22",EUR
"937223 - 24790085","11/06/2019","VDP-EURO CAR PARTS","*0773","","65.72",,"10859.24",EUR,"Debit"," 65.72",EUR
"937223 - 24790085","11/06/2019","VDP-EURO CAR PARTS","*0773","","115.00",,"10744.24",EUR,"Debit"," 115.00",EUR
"937223 - 24790085","11/06/2019","*MOBI GF","","","350.00",,"10394.24",EUR,"Debit"," 350.00",EUR
"937223 - 24790085","11/06/2019","VDC-BYM ENTERPRISE","*0773","","15.00",,"10379.24",EUR,"Debit"," 15.00",EUR
"937223 - 24790085","11/06/2019","VDC-CENTRA","*0773","","21.35",,"10357.89",EUR,"Debit"," 21.35",EUR
"937223 - 24790085","11/06/2019","VDC-CIRCLE K KILCO","*0773","","10.00",,"10347.89",EUR,"Debit"," 10.00",EUR
"937223 - 24790085","12/06/2019","LN  KQ","","",,"5,400.00","15747.89",EUR,"Credit"," 5,400.00",EUR
"937223 - 24790085","12/06/2019","VDP-APPLUS CAR TES","*0773","","55.00",,"15692.89",EUR,"Debit"," 55.00",EUR
"937223 - 24790085","12/06/2019","VDP-EURO CAR PARTS","*0773","","61.48",,"15631.41",EUR,"Debit"," 61.48",EUR
"937223 - 24790085","12/06/2019","VDP-EURO CAR PARTS","*0773","","202.35",,"15429.06",EUR,"Debit"," 202.35",EUR
"937223 - 24790085","12/06/2019","VDP-KEVIN BURKE TY","*0773","","223.89",,"15205.17",EUR,"Debit"," 223.89",EUR
"937223 - 24790085","12/06/2019","VDP-PETER DONOHUE","*0773","","279.00",,"14926.17",EUR,"Debit"," 279.00",EUR
"937223 - 24790085","12/06/2019","VDP-TONY BURKE MOT","*0773","","74.30",,"14851.87",EUR,"Debit"," 74.30",EUR
"937223 - 24790085","12/06/2019","600213","","","1,000.00",,"13851.87",EUR,"Cheque"," 1,000.00",EUR
"937223 - 24790085","12/06/2019","600214","","","500.00",,"13351.87",EUR,"Cheque"," 500.00",EUR
"937223 - 24790085","12/06/2019","600215","","","700.00",,"12651.87",EUR,"Cheque"," 700.00",EUR
"937223 - 24790085","13/06/2019","VDP-EURO CAR PARTS","*0773","",,"74.26","12726.13",EUR,"Credit"," 74.26",EUR
"937223 - 24790085","13/06/2019","*ATMLDG LOUGHREA A","11GMINI","",,"150.00","12876.13",EUR,"Credit"," 150.00",EUR
"937223 - 24790085","13/06/2019","*ATMLDG LOUGHREA A","11GMINI","",,"5,250.00","18126.13",EUR,"Credit"," 5,250.00",EUR
"937223 - 24790085","13/06/2019","LN KQ","","",,"2,000.00","20126.13",EUR,"Credit"," 2,000.00",EUR
"937223 - 24790085","13/06/2019","VDP-APPLUS CAR TES","*0773","","796.00",,"19330.13",EUR,"Debit"," 796.00",EUR
"937223 - 24790085","13/06/2019","VDP-APPLUS CAR TES","*0773","","2,056.00",,"17274.13",EUR,"Debit"," 2,056.00",EUR
"937223 - 24790085","13/06/2019","VDP-CELLNET","*0773","","9.99",,"17264.14",EUR,"Debit"," 9.99",EUR
"937223 - 24790085","13/06/2019","VDP-EURO CAR PARTS","*0773","","21.66",,"17242.48",EUR,"Debit"," 21.66",EUR
"937223 - 24790085","13/06/2019","VDP-EURO CAR PARTS","*0773","","37.60",,"17204.88",EUR,"Debit"," 37.60",EUR
"937223 - 24790085","13/06/2019","VDP-EURO CAR PARTS","*0773","","133.36",,"17071.52",EUR,"Debit"," 133.36",EUR
"937223 - 24790085","13/06/2019","IE19061381546363","PYMT FEE O04","","22.50",,"17049.02",EUR,"Debit"," 22.50",EUR
"937223 - 24790085","13/06/2019","IE19061381546363","*INET DOC MTRS","","5,124.70",,"11924.32",EUR,"Debit"," 5,124.70",EUR
"937223 - 24790085","13/06/2019","600216","","","6,100.00",,"5824.32",EUR,"Cheque"," 6,100.00",EUR
"937223 - 24790085","13/06/2019","600217","","","2,650.00",,"3174.32",EUR,"Cheque"," 2,650.00",EUR
"937223 - 24790085","13/06/2019","D/D Revenue Commis","GTSSDDP191621AIB","","1,669.02",,"1505.30",EUR,"Direct Debit"," 1,669.02",EUR
"937223 - 24790085","13/06/2019","VDC-BYM ENTERPRISE","*0773","","15.00",,"1490.30",EUR,"Debit"," 15.00",EUR
"937223 - 24790085","14/06/2019","VDP-EURO CAR PARTS","*0773","",,"81.22","1571.52",EUR,"Credit"," 81.22",EUR
"937223 - 24790085","14/06/2019","*ATMLDG TUAM RD  A","142RANGER","",,"13,000.00","14571.52",EUR,"Credit"," 13,000.00",EUR
"937223 - 24790085","14/06/2019","VDP-KEVIN BURKE TY","*0773","","329.00",,"14242.52",EUR,"Debit"," 329.00",EUR
"937223 - 24790085","14/06/2019","VDP-PAYPAL *PITNEY","*0773","","13.48",,"14229.04",EUR,"Debit"," 13.48",EUR
"937223 - 24790085","14/06/2019","VDP-PAYPAL *VICKNT","*0773","","111.32",,"14117.72",EUR,"Debit"," 111.32",EUR
"937223 - 24790085","17/06/2019","VDP-EURO CAR PARTS","*0773","",,"6.42","14124.14",EUR,"Credit"," 6.42",EUR
"937223 - 24790085","17/06/2019","VDP-PAYPAL *PITNEY","*0773","",,"13.48","14137.62",EUR,"Credit"," 13.48",EUR
"937223 - 24790085","17/06/2019","VDP-PAYPAL *VICKNT","*0773","",,"111.32","14248.94",EUR,"Credit"," 111.32",EUR
"937223 - 24790085","17/06/2019","VDP-EURO CAR PARTS","*0773","","77.80",,"14171.14",EUR,"Debit"," 77.80",EUR
"937223 - 24790085","17/06/2019","*INET OCONNORB","","","500.00",,"13671.14",EUR,"Debit"," 500.00",EUR
"937223 - 24790085","17/06/2019","*MOBI GF EXP","","","365.00",,"13306.14",EUR,"Debit"," 365.00",EUR
"937223 - 24790085","17/06/2019","IE19061783109437","PYMT FEE O04","","22.50",,"13283.64",EUR,"Debit"," 22.50",EUR
"937223 - 24790085","17/06/2019","IE19061783109437","*INET DOC MTRS","","5,692.17",,"7591.47",EUR,"Debit"," 5,692.17",EUR
"937223 - 24790085","17/06/2019","IE19061783205482","PYMT FEE O04","","22.50",,"7568.97",EUR,"Debit"," 22.50",EUR
"937223 - 24790085","17/06/2019","IE19061783205482","*INET DAVIS COMMER","","1,707.65",,"5861.32",EUR,"Debit"," 1,707.65",EUR
"937223 - 24790085","17/06/2019","INTEREST CHARGED","","","8.86",,"5852.46",EUR,"Debit"," 8.86",EUR
"937223 - 24790085","17/06/2019","D/D Securecom","GTSSDDM1916314PF","","34.05",,"5818.41",EUR,"Direct Debit"," 34.05",EUR
"937223 - 24790085","18/06/2019","*ATMLDG ORANMORE A","DH161TRANSIT","",,"12,915.00","18733.41",EUR,"Credit"," 12,915.00",EUR
"937223 - 24790085","18/06/2019","KRANDSMLTD","IE19061883427103","",,"1,000.00","19733.41",EUR,"Credit"," 1,000.00",EUR
"937223 - 24790085","18/06/2019","VDP-APPLUS CAR TES","*0773","","544.00",,"19189.41",EUR,"Debit"," 544.00",EUR
"937223 - 24790085","18/06/2019","VDP-TRICEL GLOUCES","*0773","82.20GBP@0.889321","94.04",,"19095.37",EUR,"Debit"," 94.04",EUR
"937223 - 24790085","18/06/2019","VDC-BYM ENTERPRISE","*0773","","15.00",,"19080.37",EUR,"Debit"," 15.00",EUR
"937223 - 24790085","19/06/2019","VDP-PETER DONOHUE","*0773","","111.00",,"18969.37",EUR,"Debit"," 111.00",EUR
"937223 - 24790085","19/06/2019","IE19061984273505","PYMT FEE O04","","22.50",,"18946.87",EUR,"Debit"," 22.50",EUR
"937223 - 24790085","19/06/2019","IE19061984273505","*INET DOC MTRS","","6,712.94",,"12233.93",EUR,"Debit"," 6,712.94",EUR
"937223 - 24790085","19/06/2019","600220","","","400.00",,"11833.93",EUR,"Cheque"," 400.00",EUR
"937223 - 24790085","19/06/2019","600221","","","4,300.00",,"7533.93",EUR,"Cheque"," 4,300.00",EUR
"937223 - 24790085","19/06/2019","D/D GC re Distille","GTSSDDM191681I90","","442.80",,"7091.13",EUR,"Direct Debit"," 442.80",EUR
"937223 - 24790085","19/06/2019","VDC-DAYBREAK CLOON","*0773","","22.05",,"7069.08",EUR,"Debit"," 22.05",EUR
"937223 - 24790085","20/06/2019","132G IVECO","","",,"7,400.00","14469.08",EUR,"Credit"," 7,400.00",EUR
"937223 - 24790085","20/06/2019","VDP-APPLUS CAR TES","*0773","","442.00",,"14027.08",EUR,"Debit"," 442.00",EUR
"937223 - 24790085","20/06/2019","VDP-CANNON CONCRET","*0773","","440.00",,"13587.08",EUR,"Debit"," 440.00",EUR
"937223 - 24790085","20/06/2019","600223","","","1,500.00",,"12087.08",EUR,"Cheque"," 1,500.00",EUR
"937223 - 24790085","20/06/2019","VDC-BYM ENTERPRISE","*0773","","15.00",,"12072.08",EUR,"Debit"," 15.00",EUR
"937223 - 24790085","21/06/2019","VDP-APPLUS CAR TES","*0773","","672.00",,"11400.08",EUR,"Debit"," 672.00",EUR
"937223 - 24790085","21/06/2019","VDP-PETER DONOHUE","*0773","","111.00",,"11289.08",EUR,"Debit"," 111.00",EUR
"937223 - 24790085","21/06/2019","*INET O CONNOR B","","","500.00",,"10789.08",EUR,"Debit"," 500.00",EUR
"937223 - 24790085","21/06/2019","VDC-KELLY MOTOR FA","*0773","","20.00",,"10769.08",EUR,"Debit"," 20.00",EUR
"937223 - 24790085","24/06/2019","VDP-KEVIN BURKE TY","*0773","","137.27",,"10631.81",EUR,"Debit"," 137.27",EUR
"937223 - 24790085","24/06/2019","VDP-KEVIN BURKE TY","*0773","","137.27",,"10494.54",EUR,"Debit"," 137.27",EUR
"937223 - 24790085","24/06/2019","*MOBI GF","","","250.00",,"10244.54",EUR,"Debit"," 250.00",EUR
"937223 - 24790085","24/06/2019","600218","","","111.00",,"10133.54",EUR,"Cheque"," 111.00",EUR
"937223 - 24790085","25/06/2019","VDP-EURO CAR PARTS","*0773","","53.38",,"10080.16",EUR,"Debit"," 53.38",EUR
"937223 - 24790085","25/06/2019","600219","","","238.00",,"9842.16",EUR,"Cheque"," 238.00",EUR
"937223 - 24790085","25/06/2019","600222","","","268.00",,"9574.16",EUR,"Cheque"," 268.00",EUR
"937223 - 24790085","25/06/2019","600224","","","2,000.00",,"7574.16",EUR,"Cheque"," 2,000.00",EUR
"937223 - 24790085","26/06/2019","VDP-EURO CAR PARTS","*0773","","103.10",,"7471.06",EUR,"Debit"," 103.10",EUR
"937223 - 24790085","26/06/2019","VDP-EURO CAR PARTS","*0773","","133.87",,"7337.19",EUR,"Debit"," 133.87",EUR
"937223 - 24790085","26/06/2019","VDP-KEVIN BURKE TY","*0773","","53.87",,"7283.32",EUR,"Debit"," 53.87",EUR
"937223 - 24790085","27/06/2019","VDP-JOYCES SUPERMA","*0773","","65.99",,"7217.33",EUR,"Debit"," 65.99",EUR
"937223 - 24790085","27/06/2019","VDP-LEINSTER AUTOC","*0773","","173.38",,"7043.95",EUR,"Debit"," 173.38",EUR
"937223 - 24790085","27/06/2019","600227","","","1,000.00",,"6043.95",EUR,"Cheque"," 1,000.00",EUR
"937223 - 24790085","28/06/2019","VDP-BYM ENTERPRISE","*0773","","10.00",,"6033.95",EUR,"Debit"," 10.00",EUR
"937223 - 24790085","28/06/2019","VDP-BYM ENTERPRISE","*0773","","28.00",,"6005.95",EUR,"Debit"," 28.00",EUR
"937223 - 24790085","28/06/2019","VDP-EURO CAR PARTS","*0773","","27.02",,"5978.93",EUR,"Debit"," 27.02",EUR
"937223 - 24790085","28/06/2019","VDP-EURO CAR PARTS","*0773","","95.48",,"5883.45",EUR,"Debit"," 95.48",EUR
"937223 - 24790085","28/06/2019","VDP-THREE IRELAND","*0773","","275.77",,"5607.68",EUR,"Debit"," 275.77",EUR
"937223 - 24790085","28/06/2019","*INET CREAVEN B","","","58.51",,"5549.17",EUR,"Debit"," 58.51",EUR
"937223 - 24790085","28/06/2019","*INET OCONNORB","","","500.00",,"5049.17",EUR,"Debit"," 500.00",EUR
"937223 - 24790085","28/06/2019","FEE-QTR TO 31MAY19","937223-24790085","","465.51",,"4583.66",EUR,"Debit"," 465.51",EUR
"937223 - 24790085","28/06/2019","600225","","","2,000.00",,"2583.66",EUR,"Cheque"," 2,000.00",EUR
"937223 - 24790085","28/06/2019","D/D Cars Ireland","GTSSDDM1917627BW","","158.67",,"2424.99",EUR,"Direct Debit"," 158.67",EUR
"937223 - 24790085","28/06/2019","GOVSTMPDTY24790085","34@ 0.50 EACH","","17.00",,"2407.99",EUR,"Direct Debit"," 17.00",EUR
"937223 - 24790085","01/07/2019","HYDUNADI I20","","",,"3,700.00","6107.99",EUR,"Credit"," 3,700.00",EUR
"937223 - 24790085","01/07/2019","LN","","",,"8,500.00","14607.99",EUR,"Credit"," 8,500.00",EUR
"937223 - 24790085","01/07/2019","68 & 64 INV","","",,"3,950.00","18557.99",EUR,"Credit"," 3,950.00",EUR
"937223 - 24790085","01/07/2019","VDP-EURO CAR PARTS","*0773","","31.26",,"18526.73",EUR,"Debit"," 31.26",EUR
"937223 - 24790085","01/07/2019","VDP-ONLINE MOTOR T","*0773","","76.00",,"18450.73",EUR,"Debit"," 76.00",EUR
"937223 - 24790085","01/07/2019","*INET KQ","","","1,000.00",,"17450.73",EUR,"Debit"," 1,000.00",EUR
"937223 - 24790085","01/07/2019","*MOBI EXP","","","300.00",,"17150.73",EUR,"Debit"," 300.00",EUR
"937223 - 24790085","01/07/2019","IE19070190775986","PYMT FEE O04","","22.50",,"17128.23",EUR,"Debit"," 22.50",EUR
"937223 - 24790085","01/07/2019","IE19070190775986","*INET AAAMBER MTRS","","6,070.58",,"11057.65",EUR,"Debit"," 6,070.58",EUR
"937223 - 24790085","01/07/2019","IE19070190858355","PYMT FEE O04","","22.50",,"11035.15",EUR,"Debit"," 22.50",EUR
"937223 - 24790085","01/07/2019","IE19070190858355","*INET DOC MTRS","","4,538.75",,"6496.40",EUR,"Debit"," 4,538.75",EUR
"937223 - 24790085","02/07/2019","600226","","","351.06",,"6145.34",EUR,"Cheque"," 351.06",EUR
"937223 - 24790085","03/07/2019","VDC-BYM ENTERPRISE","*0773","","30.00",,"6115.34",EUR,"Debit"," 30.00",EUR
"937223 - 24790085","03/07/2019","VDC-SIRIO TUAM ROA","*0773","","25.00",,"6090.34",EUR,"Debit"," 25.00",EUR
"937223 - 24790085","04/07/2019","VDP-EURO CAR PARTS","*0773","","12.30",,"6078.04",EUR,"Debit"," 12.30",EUR
"937223 - 24790085","04/07/2019","VDC-CIRCLE K KILCO","*0773","","20.00",,"6058.04",EUR,"Debit"," 20.00",EUR
"937223 - 24790085","05/07/2019","PAT O DONOVAN","","",,"500.00","6558.04",EUR,"Credit"," 500.00",EUR
"937223 - 24790085","05/07/2019","VDP-DIRECTF*DFP128","*0773","","80.02",,"6478.02",EUR,"Debit"," 80.02",EUR
"937223 - 24790085","05/07/2019","VDP-GALWAY MOTOR T","*0773","","96.00",,"6382.02",EUR,"Debit"," 96.00",EUR
"937223 - 24790085","05/07/2019","*INET CREAVEN B","","","58.51",,"6323.51",EUR,"Debit"," 58.51",EUR
"937223 - 24790085","05/07/2019","*INET OCONNOR B","","","500.00",,"5823.51",EUR,"Debit"," 500.00",EUR
"937223 - 24790085","05/07/2019","600233","","","1,000.00",,"4823.51",EUR,"Cheque"," 1,000.00",EUR
"937223 - 24790085","08/07/2019","LODGMENT","","",,"12,200.00","17023.51",EUR,"Credit"," 12,200.00",EUR
"937223 - 24790085","08/07/2019","VDP-CIRCLE K KILCO","*0773","","40.54",,"16982.97",EUR,"Debit"," 40.54",EUR
"937223 - 24790085","08/07/2019","VDP-EURO CAR PARTS","*0773","","43.80",,"16939.17",EUR,"Debit"," 43.80",EUR
"937223 - 24790085","08/07/2019","VDP-PREMIER INN445","*0773","91.50GBP@0.895741","103.93",,"16835.24",EUR,"Debit"," 103.93",EUR
"937223 - 24790085","08/07/2019","VDP-RYANAIR     I9","*0773","","190.75",,"16644.49",EUR,"Debit"," 190.75",EUR
"937223 - 24790085","08/07/2019","VDP-WINDSOR GALWAY","*0773","","46.00",,"16598.49",EUR,"Debit"," 46.00",EUR
"937223 - 24790085","08/07/2019","IE19070894568283","PYMT FEE O04","","22.50",,"16575.99",EUR,"Debit"," 22.50",EUR
"937223 - 24790085","08/07/2019","IE19070894568283","*INET DOC MTRS","","8,887.13",,"7688.86",EUR,"Debit"," 8,887.13",EUR
"937223 - 24790085","08/07/2019","600232","","","400.00",,"7288.86",EUR,"Cheque"," 400.00",EUR
"937223 - 24790085","08/07/2019","600234","","","400.00",,"6888.86",EUR,"Cheque"," 400.00",EUR
"937223 - 24790085","09/07/2019","VDP-GALWAY MOTOR T","*0773","","333.00",,"6555.86",EUR,"Debit"," 333.00",EUR
"937223 - 24790085","09/07/2019","VDC-CIRCLE K KILCO","*0773","","20.00",,"6535.86",EUR,"Debit"," 20.00",EUR
"937223 - 24790085","10/07/2019","*ATMLDG ORANMORE B","P MORR","",,"2,550.50","9086.36",EUR,"Credit"," 2,550.50",EUR
"937223 - 24790085","10/07/2019","VDC-BYM ENTERPRISE","*0773","","30.00",,"9056.36",EUR,"Debit"," 30.00",EUR
"937223 - 24790085","11/07/2019","VDP-APPLUS CAR TES","*0773","","55.00",,"9001.36",EUR,"Debit"," 55.00",EUR
"937223 - 24790085","11/07/2019","VDP-APPLUS CAR TES","*0773","","200.00",,"8801.36",EUR,"Debit"," 200.00",EUR
"937223 - 24790085","11/07/2019","VDP-APPLUS CAR TES","*0773","","1,803.00",,"6998.36",EUR,"Debit"," 1,803.00",EUR
"937223 - 24790085","11/07/2019","VDP-CALBRO EXHAUST","*0773","","440.00",,"6558.36",EUR,"Debit"," 440.00",EUR
"937223 - 24790085","11/07/2019","VDC-CIRCLE K KILCO","*0773","","15.01",,"6543.35",EUR,"Debit"," 15.01",EUR
"937223 - 24790085","12/07/2019","PAT O DONOVAN","","",,"7,980.00","14523.35",EUR,"Credit"," 7,980.00",EUR
"937223 - 24790085","12/07/2019","VDP-APPLUS CAR TES","*0773","","28.00",,"14495.35",EUR,"Debit"," 28.00",EUR
"937223 - 24790085","12/07/2019","VDP-EURO CAR PARTS","*0773","","48.72",,"14446.63",EUR,"Debit"," 48.72",EUR
"937223 - 24790085","12/07/2019","*INET CREAVEN B","","","58.51",,"14388.12",EUR,"Debit"," 58.51",EUR
"937223 - 24790085","12/07/2019","*INET OCONNOR B","","","500.00",,"13888.12",EUR,"Debit"," 500.00",EUR
"937223 - 24790085","12/07/2019","IE19071297156365","PYMT FEE O04","","22.50",,"13865.62",EUR,"Debit"," 22.50",EUR
"937223 - 24790085","12/07/2019","IE19071297156365","*INET DOC MTRS","","5,077.29",,"8788.33",EUR,"Debit"," 5,077.29",EUR
"937223 - 24790085","12/07/2019","600230","","","1,000.00",,"7788.33",EUR,"Cheque"," 1,000.00",EUR
"937223 - 24790085","15/07/2019","VDP-CELLNET","*0773","","9.99",,"7778.34",EUR,"Debit"," 9.99",EUR
"937223 - 24790085","15/07/2019","VDP-CIRCLE K KILCO","*0773","","72.70",,"7705.64",EUR,"Debit"," 72.70",EUR
"937223 - 24790085","15/07/2019","VDP-GO PARK MANAGE","*0773","","10.00",,"7695.64",EUR,"Debit"," 10.00",EUR
"937223 - 24790085","15/07/2019","D/D Securecom","GTSSDDM191931YTF","","34.05",,"7661.59",EUR,"Direct Debit"," 34.05",EUR
"937223 - 24790085","15/07/2019","VDC-CIRCLE K KILCO","*0773","","21.43",,"7640.16",EUR,"Debit"," 21.43",EUR
"937223 - 24790085","16/07/2019","VDP-GALWAY MOTOR T","*0773","","190.00",,"7450.16",EUR,"Debit"," 190.00",EUR
"937223 - 24790085","17/07/2019","VDP-EURO CAR PARTS","*0773","",,"43.08","7493.24",EUR,"Credit"," 43.08",EUR
"937223 - 24790085","17/07/2019","VDP-APPLUS CAR TES","*0773","","798.00",,"6695.24",EUR,"Debit"," 798.00",EUR
"937223 - 24790085","17/07/2019","VDP-EURO CAR PARTS","*0773","","43.08",,"6652.16",EUR,"Debit"," 43.08",EUR
"937223 - 24790085","17/07/2019","600235","","","794.00",,"5858.16",EUR,"Cheque"," 794.00",EUR
"937223 - 24790085","17/07/2019","VDC-CAR PARTS WARE","*0773","","15.00",,"5843.16",EUR,"Debit"," 15.00",EUR
"937223 - 24790085","18/07/2019","VDP-KEVIN BURKE TY","*0773","","25.00",,"5818.16",EUR,"Debit"," 25.00",EUR
"937223 - 24790085","18/07/2019","D/D GC re Distille","GTSSDDM191971RZ1","","322.88",,"5495.28",EUR,"Direct Debit"," 322.88",EUR
"937223 - 24790085","19/07/2019","VDP-TOP PART","*0773","","90.00",,"5405.28",EUR,"Debit"," 90.00",EUR
"937223 - 24790085","19/07/2019","*INET CREAVEN B","","","58.51",,"5346.77",EUR,"Debit"," 58.51",EUR
"937223 - 24790085","19/07/2019","*INET O CONNOR B","","","500.00",,"4846.77",EUR,"Debit"," 500.00",EUR
"937223 - 24790085","22/07/2019","LNKQ","","",,"2,500.00","7346.77",EUR,"Credit"," 2,500.00",EUR
"937223 - 24790085","22/07/2019","VDP-APPLUS CAR TES","*0773","","200.00",,"7146.77",EUR,"Debit"," 200.00",EUR
"937223 - 24790085","22/07/2019","VDP-BYM ENTERPRISE","*0773","","60.00",,"7086.77",EUR,"Debit"," 60.00",EUR
"937223 - 24790085","22/07/2019","VDP-EURO CAR PARTS","*0773","","104.88",,"6981.89",EUR,"Debit"," 104.88",EUR
"937223 - 24790085","22/07/2019","VDP-GO PARK MANAGE","*0773","","5.40",,"6976.49",EUR,"Debit"," 5.40",EUR
"937223 - 24790085","22/07/2019","IE19072201167094","PYMT FEE O04","","22.50",,"6953.99",EUR,"Debit"," 22.50",EUR
"937223 - 24790085","22/07/2019","IE19072201167094","*INET DOC MOTORS","","5,649.72",,"1304.27",EUR,"Debit"," 5,649.72",EUR
"937223 - 24790085","22/07/2019","VDC-CIRCLE K KILCO","*0773","","25.00",,"1279.27",EUR,"Debit"," 25.00",EUR
"937223 - 24790085","22/07/2019","VDC-SWEENEY OIL OR","*0773","","27.68",,"1251.59",EUR,"Debit"," 27.68",EUR
"937223 - 24790085","23/07/2019","VDP-EURO CAR PARTS","*0773","",,"7.00","1258.59",EUR,"Credit"," 7.00",EUR
"937223 - 24790085","23/07/2019","VDP-EURO CAR PARTS","*0773","",,"70.01","1328.60",EUR,"Credit"," 70.01",EUR
"937223 - 24790085","23/07/2019","600236","","","302.50",,"1026.10",EUR,"Cheque"," 302.50",EUR
"937223 - 24790085","23/07/2019","600237","","","284.00",,"742.10",EUR,"Cheque"," 284.00",EUR
"937223 - 24790085","24/07/2019","VDP-KEVIN BURKE TY","*0773","","139.73",,"602.37",EUR,"Debit"," 139.73",EUR
"937223 - 24790085","26/07/2019","KQ LN","","",,"1,000.00","1602.37",EUR,"Credit"," 1,000.00",EUR
"937223 - 24790085","26/07/2019","*INET CREAVEN B","","","58.51",,"1543.86",EUR,"Debit"," 58.51",EUR
"937223 - 24790085","26/07/2019","*INET O CONNOR B","","","500.00",,"1043.86",EUR,"Debit"," 500.00",EUR
"937223 - 24790085","26/07/2019","D/D Cars Ireland","GTSSDDM192041WVV","","158.67",,"885.19",EUR,"Direct Debit"," 158.67",EUR
"937223 - 24790085","29/07/2019","LNKQ","","",,"1,000.00","1885.19",EUR,"Credit"," 1,000.00",EUR
"937223 - 24790085","29/07/2019","600231","","","1,000.00",,"885.19",EUR,"Cheque"," 1,000.00",EUR
"937223 - 24790085","29/07/2019","600238","","","1,000.00",,"-114.81",EUR,"Cheque"," 1,000.00",EUR
"937223 - 24790085","30/07/2019","LNDOC","","",,"1,000.00","885.19",EUR,"Credit"," 1,000.00",EUR
"937223 - 24790085","30/07/2019","LODGMENT    533085","","",,"500.00","1385.19",EUR,"Credit"," 500.00",EUR
"937223 - 24790085","30/07/2019","UNPAY CHQ.  600231","","",,"1,000.00","2385.19",EUR,"Credit"," 1,000.00",EUR
"937223 - 24790085","30/07/2019","VDP-EURO CAR PARTS","*0773","","54.53",,"2330.66",EUR,"Debit"," 54.53",EUR
"937223 - 24790085","30/07/2019","FEE-UNPAID CHEQUE","","","10.00",,"2320.66",EUR,"Debit"," 10.00",EUR
"937223 - 24790085","31/07/2019","VDP-EURO CAR PARTS","*0773","","111.25",,"2209.41",EUR,"Debit"," 111.25",EUR
"937223 - 24790085","31/07/2019","600231","","","1,000.00",,"1209.41",EUR,"Cheque"," 1,000.00",EUR